2992 4808
121 461 270 544 graviter
294 463 458 543 oppressit
469 458 504 544 ¹).
550 461 665 530 Aurea
688 465 919 531 recitationum
939 471 1033 532 aetas
1057 466 1090 533 in
1114 469 1207 549 peius
1222 470 1340 536 ruebat
1350 464 1389 548 ²).

121 577 312 658 Sapientiae
327 577 549 661 professores,
564 581 722 663 rhetores,
747 579 865 662 poetae
883 582 1009 662 expulsi
1019 580 1056 665 ³),
1082 602 1144 665 „ne
1161 585 1238 663 quid
1254 603 1387 665 usquam

120 696 292 760 honestum
327 689 581 778 ooourre1²et“⁴).
630 697 677 762 Hi
703 716 792 779 vero,
829 698 884 778 qui
919 697 1159 781 superfuerunt,
1195 719 1389 781 quamquam

120 811 253 893 ingenio
277 811 443 894 valebant,
480 811 659 878 miserrime
683 813 858 893 vivebant3
895 834 987 879 nemo
1013 815 1097 880 euim
1132 814 1165 881 in
1196 835 1304 882 musas
1328 818 1389 882 boc

120 934 269 1008 tempore
293 928 436 994 afflictas
473 930 583 994 oculos
619 930 801 997 coniciebat
810 925 847 1013 ⁵).
896 931 965 998 Soli
994 928 1124 998 Statius
1149 940 1183 998 et
1206 932 1387 1015 Martialis,

120 1062 202 1125 quos
225 1044 449 1110 Domitianum
473 1044 603 1110 blandis
627 1046 778 1112 laudibus
807 1047 1113 1127 adulationibusque
1137 1049 1302 1114 cumulare
1325 1068 1388 1113 nou

120 1159 274 1243 pudebat,
301 1162 407 1227 securi
430 1162 604 1245 vivebant3
640 1163 698 1229 sed
721 1183 761 1229 ne
785 1165 835 1229 illi
859 1164 989 1244 quidem
1026 1170 1113 1231 sorte
1148 1184 1208 1230 sua
1243 1166 1389 1231 contenti

119 1284 217 1344 erant
239 1280 343 1344 multa
367 1281 425 1343 sub
449 1279 539 1346 vitae
564 1297 714 1345 occasum
738 1279 870 1346 duriora
893 1280 1041 1361 perpessi
1051 1278 1087 1363 ⁶).

226 1395 291 1459 His
321 1395 411 1460 duris
442 1394 614 1476 saevisque
650 1396 850 1476 temporibus
864 1390 899 1479 ⁷),
936 1416 1007 1461 cum
1043 1416 1123 1479 „per
1157 1396 1387 1477 inquisitiones

119 1515 220 1580 etiam
237 1513 389 1593 loquendi
405 1513 622 1593 audiendique
640 1513 864 1578 commercium
883 1513 1070 1593 ademptum
1088 1509 1242 1594 esset“'⁸),
1268 1513 1388 1579 tristis-

119 1632 203 1697 sima
226 1632 368 1697 virorum
392 1632 547 1695 bonorum
571 1629 672 1695 Plinii
696 1628 846 1711 Secundi,
878 1627 997 1710 Taciti,
1030 1628 1205 1695 Juvenalis
1228 1628 1292 1694 fuit
1315 1647 1388 1694 oon·

119 1746 213 1813 ditio.
260 1745 418 1830 Quicum
448 1765 508 1811 neo
538 1746 666 1811 adulari
697 1765 757 1811 nec
780 1751 891 1811 tacere
915 1750 1058 1827 possent,
1089 1745 1233 1824 quotidie
1261 1744 1331 1810 fere
1354 1744 1387 1809 in

120 1881 242 1930 summo
260 1862 447 1928 discrimine
470 1862 599 1942 capitis,
625 1860 724 1942 exilii,
750 1859 964 1942 relegationis
982 1861 1209 1926 versabantur.
1247 1859 1386 1939 Plinius,

123 1998 193 2044 oum
216 1979 354 2061 videret,
380 1998 462 2058 quac
480 1979 661 2058 conpendia
678 1976 764 2058 apud
788 1975 1096 2058 „insidiosissimum
1120 1973 1320 2057 principem‘
1345 1976 1388 2041 ad

122 2096 270 2160 honores·
293 2101 454 2176 paterent,
491 2095 630 2176 longius,
666 2098 703 2158 ut
734 2092 804 2172 ipse
828 2091 885 2173 ait,
922 2092 987 2157 iter
1010 2092 1126 2157 maluit
1138 2089 1162 2174 ⁹)
1198 2097 1383 2171 sortemque

120 2210 311 2276 Senecionis
344 2210 452 2276 subita
475 2211 577 2276 solum
601 2217 707 2274 morte
730 2208 914 2274 Domitiani
949 2203 1125 2290 effugit¹⁰).
1182 2208 1255 2274 Nec
1278 2207 1388 2273 Taciti

119 2327 235 2391 melior
258 2326 412 2391 conditio.
451 2324 525 2409 Qui,
550 2344 741 2406 quamquam
766 2323 926 2406 singulari
949 2323 1133 2390 Domitiani
1156 2323 1388 2390 benevolentia

119 2443 282 2523 utebatur,
308 2448 417 2506 tamen
434 2441 467 2505 in
485 2441 591 2506 animo
616 2440 799 2509 simultates
816 2448 932 2506 contra
952 2440 1130 2522 principem
1153 2441 1324 2506 nutriebat
1336 2434 1385 2521 ¹¹).

120 2555 262 2622 Tristior
288 2577 327 2622 ac
350 2556 563 2637 periculosior
585 2557 762 2624 iuvenalis
787 2564 859 2622 erat
883 2557 1034 2622 conditio.
1088 2555 1153 2640 Qui
1185 2575 1255 2639 cum
1280 2573 1386 2620 mores

120 2671 244 2737 Romae
283 2673 388 2755 magis
429 2672 597 2754 magisque
631 2674 663 2737 in
699 2672 792 2753 peius
830 2693 925 2738 ruore
958 2673 1151 2753 civitatique
1189 2673 1313 2737 nobiles
1347 2691 1386 2737 ae

118 2794 328 2868 praestantes
359 2789 485 2853 animas
510 2790 660 2869 „impune
690 2783 884 2869 artierri“¹²)
909 2787 1204 2869 animadverteret,
1235 2787 1385 2853 adcola-

227 3079 250 3144 ¹)
277 3078 315 3131 Os.
345 3079 436 3146 iamin,
464 3078 500 3128 La
527 3076 617 3145 poe'sie
645 3081 670 3127 et
696 3075 862 3145 l’eloquenoe
889 3075 1009 3129 bitume
1035 3093 1071 3128 ou
1098 3081 1184 3144 temps
1211 3075 1257 3128 des
1281 3076 1383 3129 Cesars.

116 3169 202 3237 Paris,
222 3167 291 3220 1864
308 3185 334 3236 p.
354 3165 501 3219 adt-247.
521 3197 555 3204 -
574 3165 671 3234 lmlrof,
689 3183 715 3234 p.
735 3165 792 3216 136.

222 3258 247 3324 ²)
273 3257 446 3324 imbutae.

224 3346 234 3377 ³
276 3346 352 3416 ibid,
370 3363 395 3415 p.
415 3346 465 3397 102
486 3361 524 3414 sq.
562 3345 655 3414 Zeller,
673 3362 699 3414 p.
719 3344 778 3396 183.

235 3350 248 3412 ψ

221 3435 232 3467 5*

222 3526 232 3736 meet·

273 3437 335 3488 Tac.
355 3438 487 3506 Agrico.
507 3437 531 3487 2.

273 3525 369 3594 Imhof,
387 3543 413 3594 p.
432 3525 492 3577 139.

274 3616 321 3683 lu,
340 3633 366 3683 p.
386 3614 533 3666 137-138.

272 3705 334 3757 Juv.
353 3704 466 3773 Sath,
485 3704 531 3755 80:
561 3703 646 3770 „dura
664 3705 817 3772 tempora“3
844 3702 919 3770 ibid,
937 3718 963 3752 s.
977 3701 1041 3752 151:
1072 3704 1210 3768 „tempora
1227 3701 1380 3753 saevitiae.“

272 3794 334 3845 Tae.
353 3794 420 3862 Agr.
440 3808 461 3844 c.
480 3795 504 3844 2.
804 3852 808 3861 ⁵
999 3829 1001 3832 .

272 3884 342 3935 Plin.
362 3885 460 3951 Paneg.
480 3898 501 3934 c.
520 3882 562 3934 95.
582 3913 617 3922 -
635 3883 793 3950 Mommsen,
812 3882 842 3931 in
860 3879 952 3932 Herm.
972 3879 1019 3948 III,
1039 3878 1108 3931 1868
1126 3896 1151 3947 p.
1171 3877 1206 3930 84
1224 3893 1263 3946 sq.

220 3796 231 3826 α

219 3798 245 3950 ἐν

211 3973 232 4006 ¹⁰
273 3973 335 4024 Vid.
354 3972 415 4025 libr.
435 3986 527 4023 meum
544 3972 578 4023 de
594 3971 735 4023 luvenalis
754 3971 836 4021 satira
855 3971 952 4038 prima,
971 3987 996 4039 p.
1016 3968 1163 4021 112-113.

209 4063 244 4130 ¹¹)
270 4062 327 4114 Hoc
345 4064 427 4112 effusa
445 4061 555 4129 laetitia,
575 4076 629 4129 qua
646 4060 755 4111 Tacitus
774 4059 930 4112 Domitiano
949 4060 1089 4111 interiecto
1107 4057 1195 4108 initiis
1213 4057 1381 4126 principatus

112 4152 217 4205 Nervae
235 4151 431 4221 gratulabatur,
450 4149 639 4218 comprobatur
657 4149 738 4218 (Agr.
758 4165 779 4201 c.
799 4149 837 4214 3).

211 4242 246 4307 ¹²)
273 4239 312 4292 cf.
325 4240 377 4292 Sat.
392 4239 437 4308 IV,
456 4238 611 4289 150-152:
641 4238 748 4307 ,Atque
761 4239 868 4289 utinam
880 4237 923 4288 his
935 4237 1024 4305 potius
1037 4237 1118 4305 nugis
1132 4239 1187 4287 tota
1200 4234 1250 4286 illa
1267 4233 1382 4286 dedisset

110 4333 245 4401 Tempora
269 4331 406 4398 saevitiae,
434 4329 520 4380 claras
544 4327 642 4395 quibus
667 4327 778 4381 abstulit
801 4325 862 4379 urbi
887 4326 1062 4394 illustresque
1086 4326 1191 4376 animas
1220 4325 1333 4393 impune
1356 4327 1383 4374 et

111 4421 218 4474 vindice
236 4419 341 4472 nullo!‘⁴

233 3977 246 4040 ψ

173 4544 341 4598 Naguiewski,
356 4543 392 4585 Dc
407 4543 462 4585 Juv.
477 4543 535 4584 vita.
1187 4520 1203 4570 3
