<?xml version="1.0" encoding="UTF-8"?>
<!DOCTYPE html PUBLIC "-//W3C//DTD XHTML 1.0 Transitional//EN"
    "http://www.w3.org/TR/xhtml1/DTD/xhtml1-transitional.dtd">
<html xmlns="http://www.w3.org/1999/xhtml" xml:lang="en" lang="en">
 <head>
  <title>
</title>
<meta http-equiv="Content-Type" content="text/html;charset=utf-8" />
  <meta name='ocr-system' content='tesseract 3.04.00' />
  <meta name='ocr-capabilities' content='ocr_page ocr_carea ocr_par ocr_line ocrx_word'/>
</head>
<body>
  <div class='ocr_page' id='page_1' title='image "./dejuvenalisvita00nagugoog_0063.png"; bbox 0 0 2992 4808; ppageno 0'>
   <div class='ocr_carea' id='block_1_1' title="bbox 740 279 780 339">
    <p class='ocr_par' dir='ltr' id='par_1_1' title="bbox 740 279 780 339">
     <span class='ocr_line' id='line_1_1' title="bbox 740 279 780 339; baseline -0.025 0"><span class='ocrx_word' id='word_1_1' title='bbox 740 279 780 339; x_wconf 80' lang='lat'>50</span> 
     </span>
    </p>
   </div>
   <div class='ocr_carea' id='block_1_2' title="bbox 652 364 864 372">
    <p class='ocr_par' dir='ltr' id='par_1_2' title="bbox 652 364 864 372">
     <span class='ocr_line' id='line_1_2' title="bbox 652 364 864 372; baseline -0.005 -1"><span class='ocrx_word' id='word_1_2' title='bbox 652 364 864 372; x_wconf 74' lang='lat'><strong>——-—-—·</strong></span> 
     </span>
    </p>
   </div>
   <div class='ocr_carea' id='block_1_3' title="bbox 122 485 1403 3246">
    <p class='ocr_par' dir='ltr' id='par_1_3' title="bbox 122 485 1403 2880">
     <span class='ocr_line' id='line_1_3' title="bbox 122 485 1396 556; baseline -0.003 -2"><span class='ocrx_word' id='word_1_3' title='bbox 122 489 308 556; x_wconf 87' lang='lat' dir='ltr'>Probianao</span> <span class='ocrx_word' id='word_1_4' title='bbox 337 487 427 555; x_wconf 91' lang='lat' dir='ltr'>vitae</span> <span class='ocrx_word' id='word_1_5' title='bbox 457 487 576 555; x_wconf 87' lang='lat' dir='ltr'>falsum</span> <span class='ocrx_word' id='word_1_6' title='bbox 609 487 756 554; x_wconf 87' lang='lat' dir='ltr'>iudicare</span> <span class='ocrx_word' id='word_1_7' title='bbox 790 506 925 554; x_wconf 91' lang='lat' dir='ltr'>necesse</span> <span class='ocrx_word' id='word_1_8' title='bbox 959 493 1057 552; x_wconf 87' lang='lat' dir='ltr'>esset.</span> <span class='ocrx_word' id='word_1_9' title='bbox 1115 485 1179 552; x_wconf 82' lang='lat' dir='ltr'>Sed</span> <span class='ocrx_word' id='word_1_10' title='bbox 1209 505 1285 552; x_wconf 91' lang='lat' dir='ltr'>oum</span> <span class='ocrx_word' id='word_1_11' title='bbox 1316 486 1396 555; x_wconf 92' lang='lat' dir='ltr'>illud</span> 
     </span>
     <span class='ocr_line' id='line_1_4' title="bbox 124 602 1393 689; baseline 0 -19"><span class='ocrx_word' id='word_1_12' title='bbox 124 604 328 687; x_wconf 90' lang='lat' dir='ltr'>comprobari</span> <span class='ocrx_word' id='word_1_13' title='bbox 359 623 424 671; x_wconf 94' lang='lat' dir='ltr'>non</span> <span class='ocrx_word' id='word_1_14' title='bbox 454 605 573 688; x_wconf 84' lang='lat' dir='ltr'><strong>possit,</strong></span> <span class='ocrx_word' id='word_1_15' title='bbox 607 605 770 689; x_wconf 87' lang='lat' dir='ltr'>sequitur,</span> <span class='ocrx_word' id='word_1_16' title='bbox 803 610 841 671; x_wconf 92' lang='lat' dir='ltr'>ut</span> <span class='ocrx_word' id='word_1_17' title='bbox 872 605 933 670; x_wconf 93' lang='lat' dir='ltr'>hoc</span> <span class='ocrx_word' id='word_1_18' title='bbox 964 602 1083 669; x_wconf 87' lang='lat' dir='ltr'>falsum</span> <span class='ocrx_word' id='word_1_19' title='bbox 1114 603 1231 670; x_wconf 89' lang='lat' dir='ltr'>haberi</span> <span class='ocrx_word' id='word_1_20' title='bbox 1264 604 1393 672; x_wconf 90' lang='lat' dir='ltr'>debeat.</span> 
     </span>
     <span class='ocr_line' id='line_1_5' title="bbox 123 721 1397 805; baseline 0.001 -19"><span class='ocrx_word' id='word_1_21' title='bbox 123 721 277 804; x_wconf 76' lang='lat' dir='ltr'><strong>Apparet</strong></span> <span class='ocrx_word' id='word_1_22' title='bbox 298 721 411 805; x_wconf 91' lang='lat' dir='ltr'>igitur,</span> <span class='ocrx_word' id='word_1_23' title='bbox 435 741 477 787; x_wconf 93' lang='lat' dir='ltr'>ne</span> <span class='ocrx_word' id='word_1_24' title='bbox 499 721 527 787; x_wconf 91' lang='lat' dir='ltr'>si</span> <span class='ocrx_word' id='word_1_25' title='bbox 547 723 618 788; x_wconf 92' lang='lat' dir='ltr'>sola</span> <span class='ocrx_word' id='word_1_26' title='bbox 640 721 768 803; x_wconf 90' lang='lat' dir='ltr'>quidem</span> <span class='ocrx_word' id='word_1_27' title='bbox 791 721 959 787; x_wconf 84' lang='lat' dir='ltr'>Probiana</span> <span class='ocrx_word' id='word_1_28' title='bbox 981 721 1055 788; x_wconf 89' lang='lat' dir='ltr'>vita</span> <span class='ocrx_word' id='word_1_29' title='bbox 1077 725 1236 804; x_wconf 86' lang='lat' dir='ltr'>exstaret,</span> <span class='ocrx_word' id='word_1_30' title='bbox 1262 721 1397 788; x_wconf 85' lang='lat' dir='ltr'>exilium</span> 
     </span>
     <span class='ocr_line' id='line_1_6' title="bbox 122 832 1396 921; baseline -0.001 -17"><span class='ocrx_word' id='word_1_31' title='bbox 122 843 240 919; x_wconf 89' lang='lat' dir='ltr'>poetae</span> <span class='ocrx_word' id='word_1_32' title='bbox 268 838 310 904; x_wconf 91' lang='lat' dir='ltr'>ad</span> <span class='ocrx_word' id='word_1_33' title='bbox 340 836 559 921; x_wconf 90' lang='lat' dir='ltr'>octogesimos</span> <span class='ocrx_word' id='word_1_34' title='bbox 581 839 673 906; x_wconf 84' lang='lat' dir='ltr'>vitae</span> <span class='ocrx_word' id='word_1_35' title='bbox 701 838 770 906; x_wconf 92' lang='lat' dir='ltr'>eius</span> <span class='ocrx_word' id='word_1_36' title='bbox 802 856 904 905; x_wconf 92' lang='lat' dir='ltr'>annos</span> <span class='ocrx_word' id='word_1_37' title='bbox 933 837 1051 903; x_wconf 86' lang='lat' dir='ltr'>referri</span> <span class='ocrx_word' id='word_1_38' title='bbox 1074 856 1170 919; x_wconf 88' lang='lat' dir='ltr'>posse</span> <span class='ocrx_word' id='word_1_39' title='bbox 1181 832 1215 920; x_wconf 85' lang='lat'>¹).</span> <span class='ocrx_word' id='word_1_40' title='bbox 1263 836 1396 903; x_wconf 91' lang='lat' dir='ltr'>Nedum</span> 
     </span>
     <span class='ocr_line' id='line_1_7' title="bbox 124 953 1395 1036; baseline 0 -15"><span class='ocrx_word' id='word_1_41' title='bbox 124 954 198 1021; x_wconf 91' lang='lat' dir='ltr'>aliis</span> <span class='ocrx_word' id='word_1_42' title='bbox 232 954 311 1020; x_wconf 88' lang='lat' dir='ltr'>vitis</span> <span class='ocrx_word' id='word_1_43' title='bbox 346 954 577 1021; x_wconf 81' lang='lat' dir='ltr'>accedentibus</span> <span class='ocrx_word' id='word_1_44' title='bbox 607 954 793 1020; x_wconf 89' lang='lat' dir='ltr'>Probianae</span> <span class='ocrx_word' id='word_1_45' title='bbox 826 954 916 1022; x_wconf 87' lang='lat' dir='ltr'>vitae</span> <span class='ocrx_word' id='word_1_46' title='bbox 949 955 1051 1021; x_wconf 90' lang='lat' dir='ltr'>verba</span> <span class='ocrx_word' id='word_1_47' title='bbox 1080 953 1211 1020; x_wconf 87' lang='lat' dir='ltr'>defendi</span> <span class='ocrx_word' id='word_1_48' title='bbox 1246 960 1395 1036; x_wconf 75' lang='lat' dir='ltr'><strong>possunt.</strong></span> 
     </span>
     <span class='ocr_line' id='line_1_8' title="bbox 123 1070 1396 1155; baseline -0.002 -15"><span class='ocrx_word' id='word_1_49' title='bbox 123 1070 451 1155; x_wconf 89' lang='lat' dir='ltr'>„Verumenimvero,</span> <span class='ocrx_word' id='word_1_50' title='bbox 484 1076 521 1136; x_wconf 91' lang='lat' dir='ltr'>ut</span> <span class='ocrx_word' id='word_1_51' title='bbox 550 1071 733 1138; x_wconf 91' lang='lat' dir='ltr'>Hermauni</span> <span class='ocrx_word' id='word_1_52' title='bbox 768 1071 879 1139; x_wconf 81' lang='lat' dir='ltr'>verbis</span> <span class='ocrx_word' id='word_1_53' title='bbox 912 1075 1002 1152; x_wconf 89' lang='lat' dir='ltr'>utar,</span> <span class='ocrx_word' id='word_1_54' title='bbox 1034 1071 1168 1152; x_wconf 91' lang='lat' dir='ltr'>propius</span> <span class='ocrx_word' id='word_1_55' title='bbox 1192 1071 1396 1138; x_wconf 86' lang='lat' dir='ltr'>intuentibus</span> 
     </span>
     <span class='ocr_line' id='line_1_9' title="bbox 123 1186 1397 1271; baseline 0.001 -18"><span class='ocrx_word' id='word_1_56' title='bbox 123 1186 220 1254; x_wconf 87' lang='lat' dir='ltr'>facile</span> <span class='ocrx_word' id='word_1_57' title='bbox 252 1188 438 1271; x_wconf 76' lang='lat' dir='ltr'>apparebit,</span> <span class='ocrx_word' id='word_1_58' title='bbox 472 1187 562 1270; x_wconf 89' lang='lat' dir='ltr'>ipsas</span> <span class='ocrx_word' id='word_1_59' title='bbox 591 1189 652 1254; x_wconf 92' lang='lat' dir='ltr'>bas</span> <span class='ocrx_word' id='word_1_60' title='bbox 680 1187 833 1254; x_wconf 92' lang='lat' dir='ltr'>notiones</span> <span class='ocrx_word' id='word_1_61' title='bbox 861 1186 1008 1269; x_wconf 91' lang='lat' dir='ltr'>singulas</span> <span class='ocrx_word' id='word_1_62' title='bbox 1038 1187 1112 1253; x_wconf 91' lang='lat' dir='ltr'>aliis</span> <span class='ocrx_word' id='word_1_63' title='bbox 1142 1187 1317 1253; x_wconf 88' lang='lat' dir='ltr'>contrariis</span> <span class='ocrx_word' id='word_1_64' title='bbox 1348 1189 1397 1254; x_wconf 90' lang='lat' dir='ltr'>ita</span> 
     </span>
     <span class='ocr_line' id='line_1_10' title="bbox 124 1304 1396 1387; baseline 0.002 -18"><span class='ocrx_word' id='word_1_65' title='bbox 124 1304 256 1387; x_wconf 91' lang='lat' dir='ltr'>elevari,</span> <span class='ocrx_word' id='word_1_66' title='bbox 281 1309 319 1370; x_wconf 91' lang='lat' dir='ltr'>ut</span> <span class='ocrx_word' id='word_1_67' title='bbox 343 1304 371 1371; x_wconf 91' lang='lat' dir='ltr'>si</span> <span class='ocrx_word' id='word_1_68' title='bbox 394 1323 506 1387; x_wconf 92' lang='lat' dir='ltr'>parem</span> <span class='ocrx_word' id='word_1_69' title='bbox 531 1305 671 1371; x_wconf 91' lang='lat' dir='ltr'>omnium</span> <span class='ocrx_word' id='word_1_70' title='bbox 696 1305 930 1371; x_wconf 88' lang='lat' dir='ltr'>auctoritatem</span> <span class='ocrx_word' id='word_1_71' title='bbox 953 1304 1181 1386; x_wconf 76' lang='lat' dir='ltr'>statuerimus,</span> <span class='ocrx_word' id='word_1_72' title='bbox 1213 1304 1296 1370; x_wconf 93' lang='lat' dir='ltr'>nihil</span> <span class='ocrx_word' id='word_1_73' title='bbox 1320 1304 1396 1371; x_wconf 91' lang='lat' dir='ltr'>inde</span> 
     </span>
     <span class='ocr_line' id='line_1_11' title="bbox 124 1419 1397 1503; baseline 0.002 -19"><span class='ocrx_word' id='word_1_74' title='bbox 124 1419 208 1485; x_wconf 89' lang='lat' dir='ltr'>certi</span> <span class='ocrx_word' id='word_1_75' title='bbox 239 1420 394 1501; x_wconf 83' lang='lat' dir='ltr'>colligere</span> <span class='ocrx_word' id='word_1_76' title='bbox 426 1422 536 1487; x_wconf 86' lang='lat' dir='ltr'>liceat.</span> <span class='ocrx_word' id='word_1_77' title='bbox 583 1421 748 1487; x_wconf 86' lang='lat' dir='ltr'>Nimirum</span> <span class='ocrx_word' id='word_1_78' title='bbox 778 1422 865 1503; x_wconf 89' lang='lat' dir='ltr'>quod</span> <span class='ocrx_word' id='word_1_79' title='bbox 892 1419 1041 1502; x_wconf 88' lang='lat' dir='ltr'>vulgata,</span> <span class='ocrx_word' id='word_1_80' title='bbox 1072 1419 1250 1502; x_wconf 86' lang='lat' dir='ltr'>Lipsiaua,</span> <span class='ocrx_word' id='word_1_81' title='bbox 1281 1420 1397 1488; x_wconf 90' lang='lat' dir='ltr'>Omui-</span> 
     </span>
     <span class='ocr_line' id='line_1_12' title="bbox 123 1534 1397 1620; baseline 0.002 -21"><span class='ocrx_word' id='word_1_82' title='bbox 123 1534 277 1618; x_wconf 90' lang='lat' dir='ltr'>boniana,</span> <span class='ocrx_word' id='word_1_83' title='bbox 311 1536 604 1619; x_wconf 87' lang='lat' dir='ltr'>Knlenkampiaua</span> <span class='ocrx_word' id='word_1_84' title='bbox 627 1542 757 1618; x_wconf 91' lang='lat' dir='ltr'>poetam</span> <span class='ocrx_word' id='word_1_85' title='bbox 781 1537 815 1602; x_wconf 94' lang='lat' dir='ltr'>in</span> <span class='ocrx_word' id='word_1_86' title='bbox 840 1536 938 1603; x_wconf 85' lang='lat' dir='ltr'>exilio</span> <span class='ocrx_word' id='word_1_87' title='bbox 963 1535 1145 1602; x_wconf 87' lang='lat' dir='ltr'>decessisse</span> <span class='ocrx_word' id='word_1_88' title='bbox 1169 1536 1323 1620; x_wconf 87' lang='lat' dir='ltr'>tradunt,</span> <span class='ocrx_word' id='word_1_89' title='bbox 1347 1556 1397 1602; x_wconf 91' lang='lat' dir='ltr'>re·</span> 
     </span>
     <span class='ocr_line' id='line_1_13' title="bbox 122 1651 1398 1737; baseline 0.002 -20"><span class='ocrx_word' id='word_1_90' title='bbox 122 1658 272 1734; x_wconf 91' lang='lat' dir='ltr'>puguant</span> <span class='ocrx_word' id='word_1_91' title='bbox 294 1652 460 1721; x_wconf 90' lang='lat' dir='ltr'>Vossiana</span> <span class='ocrx_word' id='word_1_92' title='bbox 483 1653 585 1718; x_wconf 85' lang='lat' dir='ltr'>Probi</span> <span class='ocrx_word' id='word_1_93' title='bbox 608 1658 643 1719; x_wconf 92' lang='lat' dir='ltr'>et</span> <span class='ocrx_word' id='word_1_94' title='bbox 665 1654 865 1737; x_wconf 89' lang='lat' dir='ltr'>Donatiana,</span> <span class='ocrx_word' id='word_1_95' title='bbox 889 1672 973 1735; x_wconf 89' lang='lat' dir='ltr'>quae</span> <span class='ocrx_word' id='word_1_96' title='bbox 998 1651 1097 1718; x_wconf 88' lang='lat' dir='ltr'>claris</span> <span class='ocrx_word' id='word_1_97' title='bbox 1123 1653 1233 1719; x_wconf 88' lang='lat' dir='ltr'>verbis</span> <span class='ocrx_word' id='word_1_98' title='bbox 1256 1654 1398 1720; x_wconf 87' lang='lat' dir='ltr'>Romam</span> 
     </span>
     <span class='ocr_line' id='line_1_14' title="bbox 123 1768 1396 1854; baseline 0.003 -22"><span class='ocrx_word' id='word_1_99' title='bbox 123 1768 261 1835; x_wconf 89' lang='lat' dir='ltr'>rediisse</span> <span class='ocrx_word' id='word_1_100' title='bbox 285 1769 441 1854; x_wconf 86' lang='lat' dir='ltr'>scribunt,</span> <span class='ocrx_word' id='word_1_101' title='bbox 465 1787 570 1849; x_wconf 86' lang='lat' dir='ltr'>neque</span> <span class='ocrx_word' id='word_1_102' title='bbox 594 1770 671 1836; x_wconf 90' lang='lat' dir='ltr'>illae</span> <span class='ocrx_word' id='word_1_103' title='bbox 695 1769 787 1851; x_wconf 87' lang='lat' dir='ltr'>ipsae</span> <span class='ocrx_word' id='word_1_104' title='bbox 819 1770 909 1836; x_wconf 89' lang='lat' dir='ltr'>inter</span> <span class='ocrx_word' id='word_1_105' title='bbox 932 1790 967 1836; x_wconf 86' lang='lat' dir='ltr'>se</span> <span class='ocrx_word' id='word_1_106' title='bbox 991 1769 1209 1852; x_wconf 85' lang='lat' dir='ltr'>consentiunt,</span> <span class='ocrx_word' id='word_1_107' title='bbox 1234 1769 1396 1850; x_wconf 88' lang='lat' dir='ltr'>siquidem</span> 
     </span>
     <span class='ocr_line' id='line_1_15' title="bbox 123 1884 1399 1970; baseline 0.002 -21"><span class='ocrx_word' id='word_1_108' title='bbox 123 1890 192 1950; x_wconf 89' lang='lat' dir='ltr'>tres</span> <span class='ocrx_word' id='word_1_109' title='bbox 229 1884 356 1966; x_wconf 88' lang='lat' dir='ltr'>priores</span> <span class='ocrx_word' id='word_1_110' title='bbox 395 1886 508 1952; x_wconf 91' lang='lat' dir='ltr'>statim</span> <span class='ocrx_word' id='word_1_111' title='bbox 544 1891 621 1968; x_wconf 90' lang='lat' dir='ltr'>post</span> <span class='ocrx_word' id='word_1_112' title='bbox 650 1887 885 1970; x_wconf 83' lang='lat' dir='ltr'>relegationem</span> <span class='ocrx_word' id='word_1_113' title='bbox 924 1886 1103 1952; x_wconf 89' lang='lat' dir='ltr'>decessisse</span> <span class='ocrx_word' id='word_1_114' title='bbox 1133 1886 1241 1968; x_wconf 90' lang='lat' dir='ltr'>aiunt,</span> <span class='ocrx_word' id='word_1_115' title='bbox 1277 1891 1399 1966; x_wconf 83' lang='lat' dir='ltr'>quauta</span> 
     </span>
     <span class='ocr_line' id='line_1_16' title="bbox 123 2001 1399 2084; baseline 0.004 -20"><span class='ocrx_word' id='word_1_116' title='bbox 123 2001 238 2066; x_wconf 90' lang='lat' dir='ltr'>diurno</span> <span class='ocrx_word' id='word_1_117' title='bbox 264 2001 391 2068; x_wconf 92' lang='lat' dir='ltr'>demum</span> <span class='ocrx_word' id='word_1_118' title='bbox 416 2001 514 2068; x_wconf 85' lang='lat' dir='ltr'>exilio</span> <span class='ocrx_word' id='word_1_119' title='bbox 531 2001 666 2068; x_wconf 87' lang='lat' dir='ltr'>fatalem</span> <span class='ocrx_word' id='word_1_120' title='bbox 683 2003 778 2068; x_wconf 90' lang='lat' dir='ltr'>finem</span> <span class='ocrx_word' id='word_1_121' title='bbox 799 2003 952 2084; x_wconf 71' lang='lat' dir='ltr'>imponit,</span> <span class='ocrx_word' id='word_1_122' title='bbox 977 2002 1116 2082; x_wconf 87' lang='lat' dir='ltr'>denique</span> <span class='ocrx_word' id='word_1_123' title='bbox 1140 2003 1279 2083; x_wconf 90' lang='lat' dir='ltr'>vulgata</span> <span class='ocrx_word' id='word_1_124' title='bbox 1294 2003 1399 2069; x_wconf 93' lang='lat' dir='ltr'>Probi</span> 
     </span>
     <span class='ocr_line' id='line_1_17' title="bbox 124 2117 1399 2202; baseline 0.004 -22"><span class='ocrx_word' id='word_1_125' title='bbox 124 2121 159 2181; x_wconf 92' lang='lat' dir='ltr'>et</span> <span class='ocrx_word' id='word_1_126' title='bbox 181 2119 373 2184; x_wconf 91' lang='lat' dir='ltr'>Donatiana</span> <span class='ocrx_word' id='word_1_127' title='bbox 396 2119 640 2202; x_wconf 91' lang='lat' dir='ltr'>octogenarium</span> <span class='ocrx_word' id='word_1_128' title='bbox 664 2117 858 2202; x_wconf 85' lang='lat' dir='ltr'>relegatum,</span> <span class='ocrx_word' id='word_1_129' title='bbox 883 2117 1050 2186; x_wconf 88' lang='lat' dir='ltr'>Vossiana</span> <span class='ocrx_word' id='word_1_130' title='bbox 1073 2124 1188 2184; x_wconf 90' lang='lat' dir='ltr'>contra</span> <span class='ocrx_word' id='word_1_131' title='bbox 1211 2124 1245 2183; x_wconf 92' lang='lat' dir='ltr'>et</span> <span class='ocrx_word' id='word_1_132' title='bbox 1268 2118 1399 2185; x_wconf 85' lang='lat' dir='ltr'>Kalen·</span> 
     </span>
     <span class='ocr_line' id='line_1_18' title="bbox 122 2231 1400 2317; baseline 0.004 -21"><span class='ocrx_word' id='word_1_133' title='bbox 122 2231 302 2313; x_wconf 89' lang='lat' dir='ltr'>kampiana</span> <span class='ocrx_word' id='word_1_134' title='bbox 333 2234 434 2299; x_wconf 91' lang='lat' dir='ltr'>multo</span> <span class='ocrx_word' id='word_1_135' title='bbox 463 2240 609 2316; x_wconf 90' lang='lat' dir='ltr'>tempore</span> <span class='ocrx_word' id='word_1_136' title='bbox 637 2239 713 2316; x_wconf 92' lang='lat' dir='ltr'>post</span> <span class='ocrx_word' id='word_1_137' title='bbox 742 2235 978 2317; x_wconf 85' lang='lat' dir='ltr'>relegationem</span> <span class='ocrx_word' id='word_1_138' title='bbox 1009 2233 1099 2300; x_wconf 89' lang='lat' dir='ltr'>senio</span> <span class='ocrx_word' id='word_1_139' title='bbox 1128 2240 1289 2300; x_wconf 89' lang='lat' dir='ltr'>mortuum</span> <span class='ocrx_word' id='word_1_140' title='bbox 1325 2254 1400 2301; x_wconf 91' lang='lat' dir='ltr'>esse</span> 
     </span>
     <span class='ocr_line' id='line_1_19' title="bbox 124 2345 1402 2434; baseline 0.005 -23"><span class='ocrx_word' id='word_1_141' title='bbox 124 2345 330 2429; x_wconf 80' lang='lat' dir='ltr'>tradunt“²).</span> <span class='ocrx_word' id='word_1_142' title='bbox 393 2349 485 2434; x_wconf 80' lang='lat' dir='ltr'>Quae</span> <span class='ocrx_word' id='word_1_143' title='bbox 520 2370 591 2416; x_wconf 92' lang='lat' dir='ltr'>cum</span> <span class='ocrx_word' id='word_1_144' title='bbox 630 2350 680 2416; x_wconf 86' lang='lat' dir='ltr'>ita</span> <span class='ocrx_word' id='word_1_145' title='bbox 724 2349 805 2432; x_wconf 92' lang='lat' dir='ltr'>siut,</span> <span class='ocrx_word' id='word_1_146' title='bbox 850 2351 992 2416; x_wconf 90' lang='lat' dir='ltr'>libenter</span> <span class='ocrx_word' id='word_1_147' title='bbox 1027 2350 1212 2434; x_wconf 82' lang='lat' dir='ltr'>Franckio,</span> <span class='ocrx_word' id='word_1_148' title='bbox 1252 2349 1402 2431; x_wconf 83' lang='lat' dir='ltr'>Synuer·</span> 
     </span>
     <span class='ocr_line' id='line_1_20' title="bbox 123 2465 1403 2550; baseline 0 -18"><span class='ocrx_word' id='word_1_149' title='bbox 123 2467 246 2550; x_wconf 89' lang='lat' dir='ltr'>bergio,</span> <span class='ocrx_word' id='word_1_150' title='bbox 264 2467 427 2550; x_wconf 82' lang='lat' dir='ltr'>Straokio,</span> <span class='ocrx_word' id='word_1_151' title='bbox 441 2465 615 2550; x_wconf 89' lang='lat' dir='ltr'>assentior,</span> <span class='ocrx_word' id='word_1_152' title='bbox 641 2467 696 2547; x_wconf 86' lang='lat' dir='ltr'>qui</span> <span class='ocrx_word' id='word_1_153' title='bbox 711 2468 814 2532; x_wconf 88' lang='lat' dir='ltr'>verba</span> <span class='ocrx_word' id='word_1_154' title='bbox 829 2466 889 2531; x_wconf 92' lang='lat' dir='ltr'>illa</span> <span class='ocrx_word' id='word_1_155' title='bbox 904 2472 964 2531; x_wconf 89' lang='lat' dir='ltr'>aut</span> <span class='ocrx_word' id='word_1_156' title='bbox 980 2465 1210 2549; x_wconf 89' lang='lat' dir='ltr'>„conclusione</span> <span class='ocrx_word' id='word_1_157' title='bbox 1227 2465 1342 2547; x_wconf 90' lang='lat' dir='ltr'>aliqua</span> <span class='ocrx_word' id='word_1_158' title='bbox 1365 2473 1403 2532; x_wconf 89' lang='lat' dir='ltr'>et</span> 
     </span>
     <span class='ocr_line' id='line_1_21' title="bbox 125 2579 1400 2665; baseline 0 -18"><span class='ocrx_word' id='word_1_159' title='bbox 125 2579 385 2665; x_wconf 81' lang='lat' dir='ltr'>coniectura“⁸)‚</span> <span class='ocrx_word' id='word_1_160' title='bbox 422 2588 478 2647; x_wconf 82' lang='lat' dir='ltr'>aut</span> <span class='ocrx_word' id='word_1_161' title='bbox 515 2601 593 2665; x_wconf 88' lang='lat' dir='ltr'>„pro</span> <span class='ocrx_word' id='word_1_162' title='bbox 629 2581 698 2648; x_wconf 91' lang='lat' dir='ltr'>suis</span> <span class='ocrx_word' id='word_1_163' title='bbox 732 2582 835 2662; x_wconf 91' lang='lat' dir='ltr'>ipsius</span> <span class='ocrx_word' id='word_1_164' title='bbox 869 2582 1050 2647; x_wconf 87' lang='lat' dir='ltr'>ratiociniis</span> <span class='ocrx_word' id='word_1_165' title='bbox 1085 2586 1209 2647; x_wconf 90' lang='lat' dir='ltr'>temere</span> <span class='ocrx_word' id='word_1_166' title='bbox 1242 2601 1263 2646; x_wconf 90' lang='lat' dir='ltr'>a</span> <span class='ocrx_word' id='word_1_167' title='bbox 1295 2582 1400 2663; x_wconf 92' lang='lat' dir='ltr'>scrip-</span> 
     </span>
     <span class='ocr_line' id='line_1_22' title="bbox 125 2692 1399 2781; baseline -0.001 -19"><span class='ocrx_word' id='word_1_168' title='bbox 125 2703 197 2763; x_wconf 90' lang='lat' dir='ltr'>tore</span> <span class='ocrx_word' id='word_1_169' title='bbox 226 2692 409 2781; x_wconf 76' lang='lat' dir='ltr'>posita“⁴)‚</span> <span class='ocrx_word' id='word_1_170' title='bbox 441 2702 500 2763; x_wconf 91' lang='lat' dir='ltr'>aut</span> <span class='ocrx_word' id='word_1_171' title='bbox 529 2698 668 2778; x_wconf 89' lang='lat' dir='ltr'>denique</span> <span class='ocrx_word' id='word_1_172' title='bbox 698 2699 760 2781; x_wconf 94' lang='lat' dir='ltr'>„ab</span> <span class='ocrx_word' id='word_1_173' title='bbox 789 2697 854 2764; x_wconf 90' lang='lat' dir='ltr'>alio</span> <span class='ocrx_word' id='word_1_174' title='bbox 884 2716 945 2778; x_wconf 92' lang='lat' dir='ltr'>quo</span> <span class='ocrx_word' id='word_1_175' title='bbox 968 2703 1084 2779; x_wconf 92' lang='lat' dir='ltr'>postea</span> <span class='ocrx_word' id='word_1_176' title='bbox 1106 2697 1237 2764; x_wconf 92' lang='lat' dir='ltr'>adiecta</span> <span class='ocrx_word' id='word_1_177' title='bbox 1261 2692 1399 2781; x_wconf 82' lang='lat' dir='ltr'>esse“⁵)</span> 
     </span>
     <span class='ocr_line' id='line_1_23' title="bbox 124 2818 332 2880; baseline 0.005 -2"><span class='ocrx_word' id='word_1_178' title='bbox 124 2818 332 2880; x_wconf 88' lang='lat' dir='ltr'>censuerunt.</span> 
     </span>
    </p>

    <p class='ocr_par' dir='ltr' id='par_1_4' title="bbox 124 2923 1399 3246">
     <span class='ocr_line' id='line_1_24' title="bbox 229 2923 1397 3013; baseline 0 -18"><span class='ocrx_word' id='word_1_179' title='bbox 229 2929 285 2995; x_wconf 89' lang='lat' dir='ltr'>Ad</span> <span class='ocrx_word' id='word_1_180' title='bbox 309 2929 473 3010; x_wconf 85' lang='lat' dir='ltr'>Stampiui</span> <span class='ocrx_word' id='word_1_181' title='bbox 486 2927 511 3012; x_wconf 81' lang='lat'>⁶)</span> <span class='ocrx_word' id='word_1_182' title='bbox 542 2935 577 2996; x_wconf 92' lang='lat' dir='ltr'>et</span> <span class='ocrx_word' id='word_1_183' title='bbox 600 2929 772 2996; x_wconf 90' lang='lat' dir='ltr'>Weidneri</span> <span class='ocrx_word' id='word_1_184' title='bbox 783 2923 808 3012; x_wconf 85' lang='lat'>⁷)</span> <span class='ocrx_word' id='word_1_185' title='bbox 839 2929 1051 3012; x_wconf 88' lang='lat' dir='ltr'>senteutiam,</span> <span class='ocrx_word' id='word_1_186' title='bbox 1077 2929 1131 3010; x_wconf 88' lang='lat' dir='ltr'>qui</span> <span class='ocrx_word' id='word_1_187' title='bbox 1155 2929 1397 3013; x_wconf 87' lang='lat' dir='ltr'>Heinricbium,</span> 
     </span>
     <span class='ocr_line' id='line_1_25' title="bbox 125 3045 1398 3128; baseline 0.001 -18"><span class='ocrx_word' id='word_1_188' title='bbox 125 3045 331 3128; x_wconf 79' lang='lat' dir='ltr'>Teuffelium,</span> <span class='ocrx_word' id='word_1_189' title='bbox 362 3045 578 3111; x_wconf 88' lang='lat' dir='ltr'>Ribbeckium</span> <span class='ocrx_word' id='word_1_190' title='bbox 609 3045 713 3112; x_wconf 91' lang='lat' dir='ltr'>secuti</span> <span class='ocrx_word' id='word_1_191' title='bbox 736 3045 934 3113; x_wconf 84' lang='lat' dir='ltr'>Juvenalem</span> <span class='ocrx_word' id='word_1_192' title='bbox 965 3045 1021 3111; x_wconf 83' lang='lat' dir='ltr'>snb</span> <span class='ocrx_word' id='word_1_193' title='bbox 1048 3045 1220 3111; x_wconf 78' lang='lat' dir='ltr'>Hodro‘ooo</span> <span class='ocrx_word' id='word_1_194' title='bbox 1245 3046 1398 3111; x_wconf 88' lang='lat' dir='ltr'>exulasse</span> 
     </span>
     <span class='ocr_line' id='line_1_26' title="bbox 124 3158 1399 3246; baseline -0.001 -19"><span class='ocrx_word' id='word_1_195' title='bbox 124 3158 379 3246; x_wconf 83' lang='lat' dir='ltr'>affirmarunt⁸),</span> <span class='ocrx_word' id='word_1_196' title='bbox 417 3182 504 3228; x_wconf 90' lang='lat' dir='ltr'>nunc</span> <span class='ocrx_word' id='word_1_197' title='bbox 541 3181 725 3246; x_wconf 89' lang='lat' dir='ltr'>pergamus.</span> <span class='ocrx_word' id='word_1_198' title='bbox 794 3162 868 3246; x_wconf 76' lang='lat' dir='ltr'>Qua</span> <span class='ocrx_word' id='word_1_199' title='bbox 910 3164 944 3228; x_wconf 89' lang='lat' dir='ltr'>iu</span> <span class='ocrx_word' id='word_1_200' title='bbox 984 3164 1175 3243; x_wconf 90' lang='lat' dir='ltr'>quaestione</span> <span class='ocrx_word' id='word_1_201' title='bbox 1214 3160 1399 3228; x_wconf 89' lang='lat' dir='ltr'>dirimenda</span> 
     </span>
    </p>
   </div>
   <div class='ocr_carea' id='block_1_4' title="bbox 230 3384 595 3544">
    <p class='ocr_par' dir='ltr' id='par_1_5' title="bbox 230 3384 595 3544">
     <span class='ocr_line' id='line_1_27' title="bbox 231 3384 595 3455; baseline -0.005 -18"><span class='ocrx_word' id='word_1_202' title='bbox 231 3385 254 3451; x_wconf 83' lang='lat'>¹]</span> <span class='ocrx_word' id='word_1_203' title='bbox 272 3385 421 3455; x_wconf 87' lang='lat' dir='ltr'>Hermann,</span> <span class='ocrx_word' id='word_1_204' title='bbox 439 3385 504 3439; x_wconf 89' lang='lat' dir='ltr'>ibid.</span> <span class='ocrx_word' id='word_1_205' title='bbox 524 3402 550 3454; x_wconf 88' lang='lat' dir='ltr'>p.</span> <span class='ocrx_word' id='word_1_206' title='bbox 569 3384 595 3436; x_wconf 90' lang='lat'>8.</span> 
     </span>
     <span class='ocr_line' id='line_1_28' title="bbox 230 3474 455 3544; baseline 0.009 -18"><span class='ocrx_word' id='word_1_207' title='bbox 230 3476 253 3540; x_wconf 67' lang='grc'>2)</span> <span class='ocrx_word' id='word_1_208' title='bbox 272 3475 349 3544; x_wconf 76' lang='lat' dir='ltr'>ibid,</span> <span class='ocrx_word' id='word_1_209' title='bbox 368 3493 394 3544; x_wconf 89' lang='lat' dir='ltr'>p.</span> <span class='ocrx_word' id='word_1_210' title='bbox 413 3474 455 3528; x_wconf 91' lang='lat'>11.</span> 
     </span>
    </p>
   </div>
   <div class='ocr_carea' id='block_1_5' title="bbox 106 3563 1400 4536">
    <p class='ocr_par' dir='ltr' id='par_1_6' title="bbox 229 3563 707 3635">
     <span class='ocr_line' id='line_1_29' title="bbox 229 3563 707 3635; baseline 0.002 -20"><span class='ocrx_word' id='word_1_211' title='bbox 229 3563 253 3629; x_wconf 78' lang='lat'>³)</span> <span class='ocrx_word' id='word_1_212' title='bbox 272 3565 405 3635; x_wconf 85' lang='lat' dir='ltr'>Francke,</span> <span class='ocrx_word' id='word_1_213' title='bbox 424 3565 521 3616; x_wconf 84' lang='lat' dir='ltr'>Exam.</span> <span class='ocrx_word' id='word_1_214' title='bbox 542 3565 600 3615; x_wconf 86' lang='lat' dir='ltr'>crit.</span> <span class='ocrx_word' id='word_1_215' title='bbox 619 3581 645 3633; x_wconf 87' lang='lat' dir='ltr'>p.</span> <span class='ocrx_word' id='word_1_216' title='bbox 664 3563 707 3616; x_wconf 81' lang='lat'>94.</span> 
     </span>
    </p>

    <p class='ocr_par' dir='ltr' id='par_1_7' title="bbox 229 3651 565 3724">
     <span class='ocr_line' id='line_1_30' title="bbox 229 3651 565 3724; baseline 0 -18"><span class='ocrx_word' id='word_1_217' title='bbox 229 3651 254 3721; x_wconf 79' lang='lat'>⁴)</span> <span class='ocrx_word' id='word_1_218' title='bbox 273 3655 456 3724; x_wconf 79' lang='lat' dir='ltr'>Spunerberg,</span> <span class='ocrx_word' id='word_1_219' title='bbox 477 3672 503 3724; x_wconf 88' lang='lat' dir='ltr'>p.</span> <span class='ocrx_word' id='word_1_220' title='bbox 523 3654 565 3706; x_wconf 82' lang='lat'>12.</span> 
     </span>
    </p>

    <p class='ocr_par' dir='ltr' id='par_1_8' title="bbox 230 3743 488 3814">
     <span class='ocr_line' id='line_1_31' title="bbox 230 3743 488 3814; baseline 0.004 -20"><span class='ocrx_word' id='word_1_221' title='bbox 230 3743 254 3808; x_wconf 75' lang='grc'>5)</span> <span class='ocrx_word' id='word_1_222' title='bbox 274 3743 380 3814; x_wconf 85' lang='lat' dir='ltr'>Strack,</span> <span class='ocrx_word' id='word_1_223' title='bbox 399 3761 426 3813; x_wconf 87' lang='lat' dir='ltr'>p.</span> <span class='ocrx_word' id='word_1_224' title='bbox 446 3744 488 3796; x_wconf 84' lang='lat'>13.</span> 
     </span>
    </p>

    <p class='ocr_par' dir='ltr' id='par_1_9' title="bbox 229 3830 497 3902">
     <span class='ocr_line' id='line_1_32' title="bbox 229 3830 497 3902; baseline 0 -17"><span class='ocrx_word' id='word_1_225' title='bbox 229 3830 253 3898; x_wconf 76' lang='grc'>6)</span> <span class='ocrx_word' id='word_1_226' title='bbox 272 3834 301 3885; x_wconf 86' lang='lat' dir='ltr'>L.</span> <span class='ocrx_word' id='word_1_227' title='bbox 320 3833 339 3884; x_wconf 94' lang='lat' dir='ltr'>l.</span> <span class='ocrx_word' id='word_1_228' title='bbox 358 3851 383 3902; x_wconf 89' lang='lat' dir='ltr'>p.</span> <span class='ocrx_word' id='word_1_229' title='bbox 402 3833 437 3886; x_wconf 87' lang='grc'>46</span> <span class='ocrx_word' id='word_1_230' title='bbox 456 3849 497 3902; x_wconf 85' lang='lat' dir='ltr'>sq.</span> 
     </span>
    </p>

    <p class='ocr_par' dir='ltr' id='par_1_10' title="bbox 230 3919 747 3992">
     <span class='ocr_line' id='line_1_33' title="bbox 230 3919 747 3992; baseline 0 -19"><span class='ocrx_word' id='word_1_231' title='bbox 230 3919 253 3987; x_wconf 86' lang='lat'>⁷)</span> <span class='ocrx_word' id='word_1_232' title='bbox 272 3922 334 3974; x_wconf 86' lang='lat' dir='ltr'>Juv.</span> <span class='ocrx_word' id='word_1_233' title='bbox 354 3923 418 3992; x_wconf 83' lang='lat' dir='ltr'>Sat,</span> <span class='ocrx_word' id='word_1_234' title='bbox 440 3923 551 3975; x_wconf 87' lang='lat' dir='ltr'>Einleit.</span> <span class='ocrx_word' id='word_1_235' title='bbox 571 3927 585 3988; x_wconf 84' lang='lat'>§</span> <span class='ocrx_word' id='word_1_236' title='bbox 605 3922 638 3975; x_wconf 86' lang='lat'>23</span> <span class='ocrx_word' id='word_1_237' title='bbox 658 3926 686 3974; x_wconf 90' lang='lat' dir='ltr'>et</span> <span class='ocrx_word' id='word_1_238' title='bbox 704 3921 747 3974; x_wconf 84' lang='lat'>24.</span> 
     </span>
    </p>

    <p class='ocr_par' dir='ltr' id='par_1_11' title="bbox 106 4009 1400 4536">
     <span class='ocr_line' id='line_1_34' title="bbox 230 4009 1400 4082; baseline 0.001 -20"><span class='ocrx_word' id='word_1_239' title='bbox 230 4009 254 4078; x_wconf 68' lang='grc' dir='ltr'>Β)</span> <span class='ocrx_word' id='word_1_240' title='bbox 273 4012 411 4081; x_wconf 88' lang='lat' dir='ltr'>Heinrich,</span> <span class='ocrx_word' id='word_1_241' title='bbox 444 4012 505 4063; x_wconf 86' lang='lat' dir='ltr'>Juv.</span> <span class='ocrx_word' id='word_1_242' title='bbox 531 4013 587 4067; x_wconf 85' lang='lat' dir='ltr'>Sat.</span> <span class='ocrx_word' id='word_1_243' title='bbox 615 4013 649 4080; x_wconf 79' lang='grc' dir='ltr'>ΙΙ,</span> <span class='ocrx_word' id='word_1_244' title='bbox 677 4011 719 4082; x_wconf 87' lang='lat'>21,</span> <span class='ocrx_word' id='word_1_245' title='bbox 745 4010 776 4064; x_wconf 93' lang='grc' dir='ltr'>Ο.</span> <span class='ocrx_word' id='word_1_246' title='bbox 800 4011 933 4080; x_wconf 84' lang='lat' dir='ltr'>Ribbeck,</span> <span class='ocrx_word' id='word_1_247' title='bbox 957 4010 1019 4063; x_wconf 83' lang='lat' dir='ltr'>Juv.</span> <span class='ocrx_word' id='word_1_248' title='bbox 1045 4011 1087 4063; x_wconf 89' lang='lat' dir='ltr'>ed.</span> <span class='ocrx_word' id='word_1_249' title='bbox 1111 4014 1176 4063; x_wconf 87' lang='lat' dir='ltr'>ster.</span> <span class='ocrx_word' id='word_1_250' title='bbox 1201 4027 1227 4079; x_wconf 92' lang='lat' dir='ltr'>p.</span> <span class='ocrx_word' id='word_1_251' title='bbox 1251 4009 1311 4080; x_wconf 78' lang='lat' dir='ltr'>xii,</span> <span class='ocrx_word' id='word_1_252' title='bbox 1339 4009 1400 4063; x_wconf 86' lang='lat' dir='ltr'>Der·</span> 
     </span>
     <span class='ocr_line' id='line_1_35' title="bbox 124 4101 1399 4173; baseline 0 -20"><span class='ocrx_word' id='word_1_253' title='bbox 124 4101 204 4153; x_wconf 88' lang='lat' dir='ltr'>echte</span> <span class='ocrx_word' id='word_1_254' title='bbox 223 4102 279 4153; x_wconf 91' lang='lat' dir='ltr'>und</span> <span class='ocrx_word' id='word_1_255' title='bbox 299 4103 347 4154; x_wconf 88' lang='lat' dir='ltr'>der</span> <span class='ocrx_word' id='word_1_256' title='bbox 365 4103 483 4155; x_wconf 78' lang='lat' dir='ltr'>rineohte</span> <span class='ocrx_word' id='word_1_257' title='bbox 504 4102 631 4173; x_wconf 87' lang='lat' dir='ltr'>Juvenal,</span> <span class='ocrx_word' id='word_1_258' title='bbox 654 4121 680 4172; x_wconf 89' lang='lat' dir='ltr'>p.</span> <span class='ocrx_word' id='word_1_259' title='bbox 704 4102 747 4172; x_wconf 86' lang='lat'>69,</span> <span class='ocrx_word' id='word_1_260' title='bbox 775 4102 887 4172; x_wconf 79' lang='lat' dir='ltr'>Teuffel,</span> <span class='ocrx_word' id='word_1_261' title='bbox 911 4102 1024 4154; x_wconf 86' lang='lat' dir='ltr'>Studien</span> <span class='ocrx_word' id='word_1_262' title='bbox 1049 4102 1107 4154; x_wconf 75' lang='lat' dir='ltr'>sind</span> <span class='ocrx_word' id='word_1_263' title='bbox 1132 4101 1399 4170; x_wconf 82' lang='lat' dir='ltr'>Charakteristiken,</span> 
     </span>
     <span class='ocr_line' id='line_1_36' title="bbox 122 4190 1400 4261; baseline 0.002 -20"><span class='ocrx_word' id='word_1_264' title='bbox 122 4208 148 4260; x_wconf 90' lang='lat' dir='ltr'>p.</span> <span class='ocrx_word' id='word_1_265' title='bbox 168 4190 229 4260; x_wconf 84' lang='lat'>412,</span> <span class='ocrx_word' id='word_1_266' title='bbox 249 4207 263 4243; x_wconf 92' lang='lat' dir='ltr'>e</span> <span class='ocrx_word' id='word_1_267' title='bbox 283 4193 382 4259; x_wconf 92' lang='lat' dir='ltr'>quibus</span> <span class='ocrx_word' id='word_1_268' title='bbox 401 4192 589 4244; x_wconf 88' lang='lat' dir='ltr'>Heinrichium</span> <span class='ocrx_word' id='word_1_269' title='bbox 612 4207 724 4261; x_wconf 88' lang='lat' dir='ltr'>eosque,</span> <span class='ocrx_word' id='word_1_270' title='bbox 750 4193 796 4259; x_wconf 89' lang='lat' dir='ltr'>qui</span> <span class='ocrx_word' id='word_1_271' title='bbox 822 4196 886 4243; x_wconf 87' lang='lat' dir='ltr'>ante</span> <span class='ocrx_word' id='word_1_272' title='bbox 912 4207 976 4243; x_wconf 88' lang='lat' dir='ltr'>euru</span> <span class='ocrx_word' id='word_1_273' title='bbox 999 4192 1116 4243; x_wconf 89' lang='lat' dir='ltr'>eandem</span> <span class='ocrx_word' id='word_1_274' title='bbox 1141 4192 1307 4244; x_wconf 87' lang='lat' dir='ltr'>sententiam</span> <span class='ocrx_word' id='word_1_275' title='bbox 1332 4192 1400 4244; x_wconf 91' lang='lat' dir='ltr'>tuiti</span> 
     </span>
     <span class='ocr_line' id='line_1_37' title="bbox 124 4280 1400 4350; baseline 0.001 -19"><span class='ocrx_word' id='word_1_276' title='bbox 124 4285 210 4349; x_wconf 88' lang='lat' dir='ltr'>erant,</span> <span class='ocrx_word' id='word_1_277' title='bbox 229 4282 360 4333; x_wconf 76' lang='lat' dir='ltr'>refutavit</span> <span class='ocrx_word' id='word_1_278' title='bbox 378 4281 563 4350; x_wconf 87' lang='lat' dir='ltr'>Hermanuns,</span> <span class='ocrx_word' id='word_1_279' title='bbox 583 4282 625 4334; x_wconf 90' lang='lat' dir='ltr'>De</span> <span class='ocrx_word' id='word_1_280' title='bbox 645 4286 695 4334; x_wconf 84' lang='lat' dir='ltr'>sat.</span> <span class='ocrx_word' id='word_1_281' title='bbox 716 4285 785 4350; x_wconf 86' lang='lat' dir='ltr'>sept.</span> <span class='ocrx_word' id='word_1_282' title='bbox 806 4285 890 4350; x_wconf 85' lang='lat' dir='ltr'>temp.</span> <span class='ocrx_word' id='word_1_283' title='bbox 909 4298 934 4349; x_wconf 90' lang='lat' dir='ltr'>p.</span> <span class='ocrx_word' id='word_1_284' title='bbox 950 4280 1055 4332; x_wconf 81' lang='lat'>18—19</span> <span class='ocrx_word' id='word_1_285' title='bbox 1075 4281 1148 4349; x_wconf 80' lang='lat' dir='ltr'>alib,</span> <span class='ocrx_word' id='word_1_286' title='bbox 1167 4280 1350 4334; x_wconf 86' lang='lat' dir='ltr'>Ribbeckium</span> <span class='ocrx_word' id='word_1_287' title='bbox 1370 4284 1400 4332; x_wconf 89' lang='lat' dir='ltr'>et</span> 
     </span>
     <span class='ocr_line' id='line_1_38' title="bbox 123 4369 1400 4441; baseline 0 -20"><span class='ocrx_word' id='word_1_288' title='bbox 123 4369 286 4422; x_wconf 82' lang='lat' dir='ltr'>Teuffelium</span> <span class='ocrx_word' id='word_1_289' title='bbox 306 4372 525 4440; x_wconf 84' lang='lat' dir='ltr'>Syunerbergius</span> <span class='ocrx_word' id='word_1_290' title='bbox 545 4375 584 4441; x_wconf 92' lang='lat' dir='ltr'>(p.</span> <span class='ocrx_word' id='word_1_291' title='bbox 605 4371 638 4422; x_wconf 82' lang='lat'>73</span> <span class='ocrx_word' id='word_1_292' title='bbox 657 4374 721 4439; x_wconf 86' lang='lat' dir='ltr'>sq.),</span> <span class='ocrx_word' id='word_1_293' title='bbox 745 4372 920 4423; x_wconf 85' lang='lat' dir='ltr'>Meinertzius</span> <span class='ocrx_word' id='word_1_294' title='bbox 947 4371 1015 4437; x_wconf 87' lang='lat' dir='ltr'>(Zur</span> <span class='ocrx_word' id='word_1_295' title='bbox 1038 4369 1130 4422; x_wconf 90' lang='lat' dir='ltr'>Kritik</span> <span class='ocrx_word' id='word_1_296' title='bbox 1157 4371 1214 4422; x_wconf 88' lang='lat' dir='ltr'>und</span> <span class='ocrx_word' id='word_1_297' title='bbox 1238 4369 1400 4439; x_wconf 75' lang='lat' dir='ltr'>Erkliiruug</span> 
     </span>
     <span class='ocr_line' id='line_1_39' title="bbox 106 4457 1008 4536; baseline 0.006 -31"><span class='ocrx_word' id='word_1_298' title='bbox 106 4457 160 4505; x_wconf 74' lang='lat' dir='ltr'>der·</span> <span class='ocrx_word' id='word_1_299' title='bbox 173 4459 286 4510; x_wconf 76' lang='lat' dir='ltr'>Satireu</span> <span class='ocrx_word' id='word_1_300' title='bbox 306 4461 358 4512; x_wconf 84' lang='lat' dir='ltr'>des</span> <span class='ocrx_word' id='word_1_301' title='bbox 374 4461 531 4534; x_wconf 75' lang='lat' dir='ltr'>luvenalis,</span> <span class='ocrx_word' id='word_1_302' title='bbox 548 4480 578 4534; x_wconf 91' lang='lat' dir='ltr'>p.</span> <span class='ocrx_word' id='word_1_303' title='bbox 599 4465 639 4536; x_wconf 85' lang='lat'>5),</span> <span class='ocrx_word' id='word_1_304' title='bbox 660 4463 805 4517; x_wconf 82' lang='lat' dir='ltr'>Straokius</span> <span class='ocrx_word' id='word_1_305' title='bbox 826 4463 868 4532; x_wconf 73' lang='lat' dir='ltr'>(p.</span> <span class='ocrx_word' id='word_1_306' title='bbox 884 4461 933 4530; x_wconf 71' lang='lat' dir='ltr'>bb,</span> <span class='ocrx_word' id='word_1_307' title='bbox 947 4461 1008 4525; x_wconf 65' lang='grc' dir='ltr'>Ὠ).</span> 
     </span>
    </p>
   </div>
   <div class='ocr_carea' id='block_1_6' title="bbox 0 0 1502 4808">
    <p class='ocr_par' dir='ltr' id='par_1_12' title="bbox 0 0 1502 4808">
     <span class='ocr_line' id='line_1_40' title="bbox 0 0 1502 4808; baseline 0 0"><span class='ocrx_word' id='word_1_308' title='bbox 0 0 1502 4808; x_wconf 95' lang='lat' dir='ltr'> </span> 
     </span>
    </p>
   </div>
  </div>
 </body>
</html>
