2992 4808
727 1424 844 1502 IV.

414 1628 481 1740 llo
522 1627 631 1740 loco
670 1627 796 1740 exilii
834 1628 1152 1743 luvenaliani.

704 1895 862 1912 'VVVVNMA

250 2053 303 2118 De
326 2053 388 2118 loco
412 2052 501 2118 cecilii
523 2052 637 2118 eadem
660 2051 730 2118 fere
754 2071 837 2133 quae
861 2052 901 2118 de
925 2057 1060 2118 auctore
1084 2052 1153 2118 eius
1173 2052 1341 2120 dissensio
1367 2061 1430 2123 est

145 2170 232 2236 Nam
264 2169 375 2251 plures
407 2170 497 2236 vitae
530 2168 721 2251 Aegyptum
754 2169 886 2251 habent,
921 2169 1004 2234 duae
1036 2168 1258 2235 Caledoniam.
1315 2169 1432 2256 Quare

146 2285 214 2350 utri
243 2284 283 2350 de
313 2284 376 2350 hac
406 2302 441 2349 re
465 2284 654 2350 testimonio
682 2283 763 2350 fides
791 2284 943 2350 habenda
965 2284 1026 2369 sit,
1051 2283 1345 2353 demonstrandum
1371 2294 1427 2357 est

146 2402 187 2467 In
203 2400 228 2466 J
230 2398 381 2467 uvenalis
397 2398 488 2483 vitis,
512 2405 551 2465 ut
566 2398 631 2465 iam
648 2418 748 2481 supra
764 2400 982 2484 exposuimus
1006 2401 1095 2467 inter
1111 2401 1215 2466 multa
1229 2404 1429 2482 posterioris

146 2518 303 2598 temporis
328 2514 556 2582 additamenta
579 2515 737 2581 nonnulla
764 2513 982 2596 antiquissimi
1005 2517 1107 2584 fontis
1135 2518 1432 2600 deprehenduntnr

147 2633 298 2716 vestigia,
324 2649 407 2714 quae
430 2650 535 2713 neque
558 2651 576 2697 e
600 2630 713 2698 satiris
737 2637 855 2713 poetae
878 2651 982 2714 neque
1006 2654 1023 2700 e
1046 2633 1231 2701 ratiociniis
1262 2636 1319 2701 rel
1344 2655 1432 2704 com·

149 2749 268 2814 mentis
284 2747 573 2830 grammaticorum
590 2746 670 2812 oriri
685 2751 849 2829 poterant.
875 2747 1000 2832 Quibus
1009 2748 1146 2835 Aepppti
1163 2750 1357 2817 occationem
1372 2752 1431 2818 ad·

147 2864 381 2931 numerandam
393 2869 482 2945 puto.
504 2863 669 2930 Nimirum
683 2862 938 2947 hominesque,
952 2863 1087 2930 exilium
1096 2865 1258 2932 Scoticum
1270 2866 1429 2953 amplexi,

146 2981 359 3066 relegationis
388 2977 619 3063 Aegyptiacae
647 2980 809 3046 famame
838 2980 971 3061 quintae
999 2981 1144 3047 decimae
1172 2981 1296 3048 satirae
1325 3002 1429 3050 versu

147 3104 189 3164 45
225 3103 331 3162 ortam
366 3116 438 3163 esse
472 3095 680 3162 affirmarunt
694 3091 726 3179 ¹).
784 3094 850 3161 Sed
883 3115 961 3162 num
996 3096 1102 3162 salira
1142 3096 1257 3178 quinta
1297 3097 1430 3164 decima

148 3212 328 3280 ,Iuvenalis
360 3212 557 3278 carminibus
587 3210 833 3279 adnumeranda
865 3213 921 3296 sit,
961 3232 1015 3280 res
1055 3214 1161 3280 adhuc
1188 3213 1288 3280 dubia
1319 3210 1428 3300 θεῖ’).

147 3331 221 3397 Nec
244 3329 342 3396 aliter
366 3328 406 3394 de
430 3346 529 3395 versu
553 3331 595 3393 45
620 3327 748 3410 opinari
770 3328 862 3411 licet,
886 3348 979 3411 quem
1004 3327 1148 3410 spurium
1171 3329 1258 3396 haud
1290 3330 1360 3396 seio
1384 3349 1430 3397 an

148 3451 239 3513 recte
269 3444 457 3512 Franckius
465 3441 503 3529 ³),
527 3445 739 3510 Duentzerus
747 3439 784 3529 ⁴),
809 3444 995 3526 nuperrime
1017 3440 1209 3528 Palmius⁵)‚
1234 3444 1427 3514 iudicarint.

150 3618 308 3627 .-..----

255 3719 277 3785 ¹)
296 3719 333 3770 Ut
350 3717 534 3788 Hermannus,
561 3718 590 3768 in
618 3718 703 3786 praef.
729 3719 771 3773 ed.
796 3718 867 3787 dau,
891 3735 918 3788 p.
938 3718 975 3770 Vl
994 3733 1035 3787 sq.
1047 3749 1081 3758 -
1100 3719 1256 3789 Sieboldus,
1273 3721 1363 3788 praef.
1383 3723 1429 3776 ed.

147 3809 209 3862 Juv.
228 3826 254 3878 p.
275 3807 352 3860 XVII
370 3808 425 3859 alii.

254 3897 278 3964 ²)
296 3896 407 3967 Kempi‚
426 3895 641 3950 Observationes
660 3899 688 3949 in
707 3895 849 3950 luvenalis
869 3897 977 3965 aliquot
994 3897 1072 3950 locos
1086 3899 1320 3967 interpretandos,
1339 3899 1429 3954 Bero-

146 3989 206 4057 lini,
225 3986 340 4056 184311.
360 3985 395 4037 60
415 4002 455 4054 sq.
475 4015 509 4024 -
529 3985 562 4038 0.
579 3985 713 4055 Ribbeck,
731 3985 789 4038 Der
808 3986 887 4039 echte
906 4003 933 4038 u.
954 3986 979 4038 d.
998 3985 1116 4039 uuechte
1135 3986 1261 4057 Juvenal,
1281 4004 1309 4057 p.
1328 3987 1365 4040 15
1385 4006 1428 4061 sq.

255 4074 279 4142 ³)
298 4076 397 4128 Exam.
418 4076 476 4127 crit.
495 4091 522 4144 p.
541 4074 584 4128 80.

254 4164 279 4232 ⁴)
298 4164 393 4217 Jahn's
411 4164 506 4217 Jahrb.
525 4165 543 4216 f.
561 4164 631 4216 Phil.
651 4164 745 4234 Suppl.
764 4164 815 4217 Bd.
834 4165 880 4236 VI,
898 4165 915 4217 3
933 4182 960 4235 p.
980 4165 1032 4218 373
1051 4181 1092 4234 sq.

255 4253 279 4320 ⁵)
298 4253 340 4305 De
359 4252 504 4306 luvenalis
524 4254 610 4305 satira
635 4255 731 4322 quinta
751 4254 865 4323 decima,
884 4254 961 4307 Halia
986 4255 1127 4307 Saxonum
1151 4253 1221 4308 1882
1242 4272 1269 4326 p.
1288 4252 1319 4307 6:
1358 4256 1429 4323 „His

149 4343 277 4396 omnibus
297 4344 467 4411 argumentis
486 4357 618 4412 apparere
639 4344 745 4397 confido
764 4362 790 4395 v.
809 4361 834 4395 v.
853 4342 960 4395 44-48
983 4359 1039 4396 nou
1063 4345 1164 4396 satirae
1184 4344 1234 4396 XV
1254 4347 1364 4399 auctori
1377 4349 1428 4400 tri·

148 4431 273 4486 bueudoa
294 4447 365 4502 esse,
387 4432 435 4484 sed
453 4434 548 4485 nescio
568 4433 612 4484 oui
630 4433 849 4503 interpolatori“.
872 4473 878 4485 .
898 4471 931 4485 ..
