2992 4808
725 297 766 356 12

110 507 248 585 „poetae
271 499 476 569 doctissimi“
504 521 620 569 nomen
645 503 811 585 acceperit
827 499 860 586 ¹),
891 504 972 570 illud
994 504 1088 570 nobis
1111 506 1374 585 probatissimum

110 618 184 701 erit,
218 619 317 684 ctiam
350 618 390 683 de
423 618 496 685 vita
529 638 649 701 eorum,
683 619 717 684 in
750 639 884 701 quorum
913 620 1030 686 studiis
1060 623 1266 702 versabatur,
1301 640 1374 686 eum

110 735 327 818 cognitionem
365 734 565 801 subtiliorem
599 754 616 799 e
648 735 813 816 primariis
847 735 991 802 lontibus
1026 738 1177 802 haustam
1211 737 1373 802 habuisse.

108 847 259 932 Accedit,
281 850 366 929 quod
382 849 503 929 duplex
519 852 693 917 satirarum
709 851 868 935 recensio,
887 871 1022 932 quarum
1039 854 1177 918 alteram
1195 852 1375 917 christiano

111 966 236 1032 cuidam
260 965 382 1032 homini
405 970 504 1047 atque
529 967 753 1034 ecclesiastico
778 968 941 1050 debemus
967 969 1054 1034 circa
1071 969 1233 1034 saeculum
1250 969 1301 1036 VI
1321 969 1375 1034 vel

109 1083 181 1151 VII
197 1082 328 1147 exstitit
338 1077 377 1165 ²),
403 1102 499 1164 quam
523 1084 562 1149 oh
578 1103 646 1148 rem
663 1085 960 1164 probabilissimum
975 1084 1068 1150 nobis
1084 1084 1224 1165 videtur,
1250 1084 1375 1163 Apolli-

111 1218 234 1280 narem,
252 1217 313 1280 quo
330 1206 476 1281 tempore
493 1219 591 1282 opera
607 1219 666 1265 sua
681 1199 851 1281 scriberet,
869 1220 939 1266 cum
957 1200 1183 1280 antiquissimo
1200 1201 1375 1266 satirarum

111 1313 222 1380 codice
246 1316 345 1381 etiam
375 1316 633 1382 vetustissimam
665 1315 841 1381 Juvenalis
868 1317 980 1394 vitam,
1012 1334 1095 1396 qnae
1118 1317 1374 1396 corruptelarum

111 1429 164 1496 vel
189 1427 485 1496 additamentorum
518 1430 674 1512 temporis
697 1431 888 1512 posterioris
911 1432 985 1497 labe
1012 1443 1142 1496 careret
1176 1433 1217 1498 ad
1246 1450 1374 1496 uranum

110 1547 232 1612 habere
257 1545 414 1627 potuisse.
461 1545 554 1631 Quod
580 1545 609 1611 si
633 1547 828 1629 consideres,
858 1545 936 1627 quid
964 1553 1015 1611 est
1042 1565 1099 1611 cur
1126 1545 1197 1610 lieri
1229 1549 1375 1626 potuisse

110 1679 221 1744 neges
256 1664 295 1726 ut
328 1659 543 1743 Apollinaris,
575 1661 631 1740 qui
664 1666 792 1727 tantum
828 1661 1019 1742 diligentiae
1058 1665 1092 1725 et
1130 1660 1299 1725 doctrinae
1334 1662 1375 1725 ad

112 1775 284 1843 historiam
316 1782 529 1856 veterumque
552 1781 720 1841 auctorum
745 1777 869 1856 scripta
904 1773 1119 1858 adhiberet³)‚
1153 1774 1373 1839 testimonium

115 1894 156 1958 de
181 1894 347 1960 Juvenale
372 1892 470 1976 „irati
492 1891 663 1958 histrionis
694 1889 821 1975 exule“,
855 1913 896 1957 ex
925 1892 986 1956 hoc
1017 1889 1243 1970 antiquissimo
1268 1911 1373 1955 rerum

112 2008 137 2074 J
140 2009 410 2075 uvenalianarum
442 2008 533 2074 fonte
565 2007 673 2090 potius
704 2026 799 2088 quam
829 2027 850 2074 a
875 2006 1005 2075 fabellis
1037 2005 1172 2072 falsisve
1195 2006 1375 2070 rumoribus

112 2130 327 2192 mutuaretur.

220 2240 393 2323 Septimum
415 2240 440 2305 J
442 2242 710 2306 uvenalianarum
740 2260 848 2305 rorum
878 2243 997 2325 fontem
1024 2239 1145 2306 Suidae
1175 2245 1209 2304 et
1233 2238 1378 2303 Malalae

113 2351 312 2440 debemus4).
359 2356 423 2442 Qui
446 2362 565 2439 tamen,
590 2362 628 2421 ut
650 2355 754 2436 inepti
779 2357 1017 2438 compilatores,
1047 2355 1173 2438 indigni
1197 2360 1280 2434 sunt,
1312 2354 1378 2434 qui-

112 2475 174 2540 bus
196 2472 295 2539 ullam
318 2473 411 2538 fidem
437 2475 611 2539 habeamus
620 2467 657 2554 5).

220 2587 284 2654 Sed
307 2590 387 2655 haec
412 2588 539 2669 quidem
564 2589 728 2653 hactenus.
775 2587 871 2652 Nunc
895 2586 936 2651 ad
953 2588 1099 2667 singulas
1120 2586 1159 2651 de
1176 2586 1248 2651 vita
1264 2592 1378 2666 poetae

113 2705 321 2786 quaestiones
345 2704 583 2771 adumbrandas
608 2704 809 2769 accedamus,

115 2885 433 2894 ——-——--——-—-

221 2989 244 3056 ¹)
272 2988 532 3057 Teuffel-Schwabe,
556 2987 720 3041 Geschichte
745 2987 769 3038 d.
793 2985 923 3038 riimisch.
942 2985 1053 3038 Literat.
1098 2983 1123 3034 4.
1144 2983 1215 3034 Aofl.
1261 2983 1380 3050 Leipzig,

115 3078 182 3131 1882
203 3083 216 3144 5
234 3077 286 3131 461
305 3095 368 3132 ann.
386 3078 402 3130 3
423 3083 451 3131 ot
468 3077 492 3129 8.

220 3167 244 3237 ²)
271 3167 420 3236 Hermann,
440 3167 523 3236 praef.
544 3166 586 3218 ed.
604 3165 756 3232 luvenalis,
775 3182 801 3234 p.
820 3165 892 3216 XIX.

221 3254 245 3324 ³)
274 3256 356 3327 atur,
376 3255 473 3309 Gesch.
493 3257 518 3308 d.
537 3255 667 3308 romisch.
686 3256 768 3307 Liter.
805 3254 830 3305 4.
849 3253 921 3305 And.
960 3251 1117 3318 Carlsruhe,
1138 3248 1213 3318 1868,
1231 3249 1252 3315 Ι,
1270 3266 1296 3316 p.
1315 3247 1381 3316 471,

115 3346 150 3416 11,
167 3364 194 3417 p.
214 3345 274 3398 641.
293 3377 327 3384 -
346 3346 605 3414 Teuffel-Schwabe,
623 3345 688 3398 ibid.

220 3433 244 3502 ⁴)
272 3434 296 3487 J.
315 3435 439 3503 Malalas,
459 3433 686 3504 chronographia
703 3449 739 3485 ex
757 3449 810 3485 rec.
829 3433 858 3484 L.
878 3429 1021 3495 Dindorfii,
1045 3430 1074 3478 in
1094 3441 1175 3495 opere
1195 3425 1269 3494 quod
1285 3426 1380 3476 inscri-

115 3524 191 3577 bitur
211 3524 336 3594 „Gorpus
356 3526 522 3593 scriptorum
539 3523 672 3576 historiae
698 3523 873 3588 Byzantinae,
897 3520 1022 3584 Bonnae,
1046 3515 1130 3582 1831,
1157 3515 1204 3566 lib.
1223 3514 1256 3582 X,
1275 3531 1301 3582 p.
1320 3511 1380 3564 263.

116 3643 152 3653 —
170 3614 278 3683 Suidas,
296 3614 418 3667 Lexicon
436 3628 533 3682 graece
553 3616 581 3665 et
598 3613 692 3680 latine,
710 3610 797 3678 Halis,
815 3608 893 3677 1843,
911 3608 932 3675 1,
949 3624 976 3675 p.
996 3604 1065 3657 1003
1086 3620 1126 3672 sq.

223 3703 246 3774 ⁵)
274 3703 457 3774 Synnorberg,
475 3719 502 3773 p.
521 3701 635 3756 41-43.
671 3700 777 3767 Straok,
796 3716 819 3767 p.
840 3697 883 3748 21.

591 3997 908 4015 VVVVWVN-IVUWVNN
