2992 4808
644 283 855 375 *aa*

115 488 227 554 verbis
251 487 399 555 Suetonii
423 495 500 554 utar
510 485 543 573 ¹),
581 488 622 554 ad
655 508 750 556 aures
773 488 956 556 Domitiani
987 493 1167 573 venerunt3
1202 489 1274 572 ipse
1297 491 1382 557 enim

115 606 214 671 Paris
253 605 401 687 „delator
439 610 513 671 erat
550 604 710 687 pessimus
749 610 783 672 et
821 626 880 689 per
917 606 978 671 boc
1014 605 1156 688 gratiam
1196 605 1384 672 obtinuerat

114 717 296 803 principis“
306 716 341 804 ²).
391 718 461 804 Quo
485 721 608 787 factum
632 727 692 804 est,
717 727 755 787 ut
781 720 991 788 Domitianus
1015 721 1087 804 „sui
1121 722 1279 803 temporis
1301 722 1384 790 vitia

115 832 228 917 carpi“
239 833 265 919 ³)
289 813 495 919 intellegens,
521 855 613 920 „cum
637 841 752 904 tantae
769 837 977 905 auctoritatis
993 837 1100 903 virum
1116 837 1245 919 publica
1268 838 1383 920 punire

115 971 181 1017 nou
206 945 409 1035 aude1·et“⁴),
440 972 499 1034 per
522 954 675 1019 honorem
703 953 840 1020 militiae
870 955 949 1019 urbe
978 960 1206 1021 summoveret.
1262 952 1309 1022 At
1331 952 1384 1019 hic

115 1067 254 1148 primum
280 1087 359 1134 saue
394 1067 478 1133 obici
501 1073 620 1152 potest,
656 1069 880 1135 Domitianum
916 1068 1011 1135 initio
1046 1069 1174 1152 imperii
1208 1088 1272 1135 non
1302 1070 1383 1136 adeo

115 1183 280 1250 crudelem
303 1184 413 1267 fuisse,
438 1184 488 1250 uti
511 1188 647 1266 propter
671 1185 827 1266 quosdam
845 1204 961 1251 versus
984 1184 1018 1252 in
1041 1186 1273 1268 pantomimum
1299 1205 1383 1254 com·

114 1299 240 1380 positos
263 1298 329 1364 iam
352 1305 420 1365 tum
446 1304 558 1366 uotum
580 1301 778 1367 Juvenalem
809 1301 985 1383 relegaret.
1032 1302 1114 1368 Tum
1144 1302 1245 1369 multo
1269 1302 1383 1384 utique

115 1415 251 1497 gravior
267 1434 307 1480 ea
323 1414 498 1482 difficultas
514 1416 705 1483 Domitiano
723 1417 871 1500 obicitur,
897 1417 982 1498 quod
1003 1417 1101 1484 Paris
1117 1418 1231 1499 primis
1254 1417 1383 1500 imperii

115 1531 186 1596 eius
210 1531 304 1596 aunis
328 1532 494 1614 gratiosus
517 1532 588 1615 fuit,
625 1551 699 1599 mox
722 1532 877 1599 adulterii
912 1538 1082 1614 suspectus
1117 1533 1227 1618 gratia
1260 1533 1383 1601 excidit

114 1645 172 1729 ita,
209 1651 247 1710 ut
277 1647 458 1728 potentiam
493 1648 598 1714 lueret
622 1649 782 1730 supplicio
815 1668 900 1716 anuo
924 1645 1011 1732 83⁵).
1058 1648 1113 1715 Ad
1137 1668 1220 1731 quac
1242 1650 1381 1732 primum

114 1760 376 1843 respondendum
393 1769 453 1847 est,
477 1763 703 1830 Domitianum
719 1765 784 1830 iam
801 1764 894 1831 initio
911 1765 1039 1847 imperii
1055 1764 1142 1832 baud
1165 1783 1240 1832 raro
1256 1765 1382 1833 varium

116 1898 152 1945 se
179 1897 218 1945 ac
241 1878 454 1960 suspiciosum
479 1877 718 1963 praebuisse⁶);
743 1885 809 1946 tum
834 1879 905 1961 quis
926 1885 1035 1963 neget,
1060 1879 1192 1946 Paridis
1215 1886 1250 1947 et
1272 1880 1382 1947 Domi·

117 1993 186 2060 tiae
207 1995 262 2060 vel
285 1996 424 2061 maxime
447 1995 645 2078 interfuisse,
675 1996 725 2061 uti
754 1995 929 2062 Juvenalis
959 2014 1054 2076 quam
1085 1994 1254 2061 celerrime
1279 1997 1383 2062 Roma

119 2111 350 2191 expelleretur3
376 2111 593 2193 pantomimus
610 2110 704 2192 enim,
731 2109 784 2190 qui
802 2110 934 2191 tyranni
952 2109 1180 2177 familiaritate
1203 2111 1383 2177 insolenter

116 2225 326 2310 abutebatur,
365 2227 545 2308 metuebat,
585 2246 625 2292 ne
659 2225 684 2290 J
686 2227 835 2293 uvenalis
872 2227 1112 2294 invectionibus
1151 2227 1237 2294 omni
1274 2226 1383 2309 gratia

114 2345 252 2421 repente
276 2341 459 2422 excideret;
495 2359 576 2407 uxor
610 2360 688 2409 vero
711 2342 893 2409 Domitiani
928 2343 1104 2410 identidem
1129 2344 1162 2409 iu
1187 2348 1381 2426 metuerat,

113 2476 156 2522 ne
180 2457 445 2523 accusationibus
468 2456 700 2524 Juvenalianis
728 2458 883 2524 adulterii
914 2477 1060 2526 rumores
1091 2458 1203 2526 addito
1236 2466 1382 2540 temporo

115 2571 157 2638 ad
178 2571 331 2638 Caesaris
355 2592 451 2639 aures
474 2573 696 2654 pervenirent.
734 2574 851 2654 Itaque
874 2594 915 2640 ue
937 2575 1114 2643 intervallo
1139 2575 1269 2658 quidem
1292 2575 1381 2641 facto

114 2690 209 2754 ambo
233 2707 358 2754 summa
374 2708 434 2770 ope
451 2690 537 2770 apud
552 2688 776 2755 Domitianum
795 2689 994 2773 nitebantur,
1019 2692 1068 2757 uti
1083 2692 1109 2757 J
1110 2691 1260 2759 uvenalis
1284 2710 1379 2773 quam

114 2804 284 2870 celerrime
316 2807 395 2871 urbe
428 2809 694 2872 summoveretur.
743 2804 792 2870 At
824 2805 1000 2888 faciamuS,
1031 2807 1230 2873 Juvenalem
1260 2807 1382 2874 Paride

114 2918 190 2987 vivo
214 2921 339 2985 Romae
363 2926 530 2986 versatum
554 2939 635 2986 esse.
682 2918 768 3003 Quid
791 2921 923 2985 taudem
946 2920 1093 3004 impedit,
1118 2922 1285 3001 quominus
1309 2941 1380 2989 eum

115 3040 190 3115 post
219 3035 351 3102 Paridis
381 3055 492 3103 necem
521 3035 698 3118 „extremis
722 3034 906 3101 Domitiani
928 3033 1160 3118 temporibus‘,
1191 3042 1229 3103 nt
1252 3036 1286 3102 in
1309 3036 1382 3105 vita

116 3149 403 3232 Kulenkampiaua
427 3156 547 3233 exstat,
571 3152 604 3215 in
629 3149 763 3216 exilium
779 3150 910 3216 missum
930 3151 1110 3217 credamus
1157 3152 1381 3220 Verumenim·

107 3284 193 3331 ,vero
227 3267 278 3332 his
318 3267 499 3349 „saevitiae
531 3262 751 3348 temporibus“
762 3259 804 3350 ⁷),
843 3285 914 3331 cum
948 3266 1090 3348 suspiria
1121 3267 1276 3333 bonorum
1309 3269 1381 3333 sub·

113 3381 337 3449 scriberentur
349 3379 373 3464 ⁸)
410 3401 544 3463 cumque
578 3383 671 3449 velut
704 3401 767 3447 uno
803 3382 869 3447 ictu
903 3381 1111 3449 Domitianus
1146 3382 1380 3465 rempublicam

115 3561 432 3570 ——--—---———--

221 3647 244 3714 ¹)
270 3647 350 3700 Dom.
370 3663 391 3700 c.
414 3650 453 3700 15.

221 3736 245 3801 2)
272 3736 493 3788 VitaVaticana.
513 3735 622 3788 -Hoc
641 3734 772 3788 delatorio
795 3736 896 3805 officio,
918 3738 1024 3804 praeter
1042 3734 1182 3805 Paridem,
1205 3736 1288 3787 ctiam
1309 3735 1381 3788 alius

112 3825 306 3895 pantomimus,
329 3826 441 3877 nomine
462 3826 589 3895 Latinus,
616 3824 794 3894 fungebatur,
818 3825 852 3876 de
875 3838 929 3893 qno
951 3822 1006 3875 vid.
1030 3825 1059 3875 in
1083 3822 1145 3877 libr.
1164 3838 1224 3876 meo
1248 3824 1281 3876 dc
1297 3825 1382 3880 sotira

112 3914 210 3983 prima,
228 3930 254 3983 p.
273 3913 422 3966 113-115.

220 4001 244 4068 3)
271 4002 336 4055 Vita
353 4001 507 4055 Bodleiano.

218 4090 230 4124 ⁴
271 4092 336 4145 Vita
347 4091 507 4144 Rachliana.
538 4091 577 4144 Of.
596 4093 644 4143 vit.
656 4092 788 4161 lipsiam:
810 4107 887 4158 „cum
905 4090 1040 4160 palamin
1058 4091 1150 4144 virum
1161 4090 1232 4143 nihil
1244 4091 1379 4146 anderet.“

271 4181 324 4234 Dio
342 4181 413 4234 Caes.
432 4180 538 4250 LXVII,
557 4180 582 4232 3.
618 4180 689 4232 Suet.
708 4180 787 4233 Dom.
807 4180 831 4232 3.
851 4209 886 4220 -
904 4180 1001 4250 Imhof,
1020 4197 1046 4249 p.
1066 4178 1179 4232 96-97.

269 4269 367 4339 Imhol,
385 4286 411 4338 p.
430 4269 473 4321 46.

270 4358 342 4428 lnv,
360 4359 413 4410 Sat.
432 4357 480 4427 IV,
498 4357 558 4409 151.

269 4446 340 4518 Tac,
358 4446 425 4517 Agr.
445 4463 466 4498 a.
485 4447 528 4498 45.
