2992 4808
112 473 318 539 librariorum
341 473 507 539 inscitiae
530 474 688 540 vocabulo
713 470 890 556 „tyranni‘
916 477 1022 538 ortum
1047 476 1146 554 atque
1170 476 1332 538 mut-atum
1346 469 1378 555 ¹).

113 589 178 655 Sed
215 598 249 656 et
283 589 350 657 alia
383 591 470 656 haud
504 591 609 656 minus
645 590 762 672 gravia
796 597 989 671 argumenta
1028 590 1170 672 obstant,
1210 588 1380 670 quominus

112 707 138 771 J
140 707 309 773 uvenalem
335 708 478 772 Traiano
502 707 684 788 imperante
708 707 739 771 in
766 707 896 771 exilium
921 707 1051 771 missum
1076 707 1254 772 credamus.
1300 706 1326 771 J
1328 726 1380 771 am

34 851 37 855 ·
112 822 227 888 Nerva
243 823 452 904 philosophos
469 823 690 888 aDomitiauo
708 823 860 902 expulsos
873 822 1010 888 Romam
1027 823 1067 886 ab
1083 821 1181 887 exilio
1198 820 1378 903 revocavit,

114 939 280 1004 delatores
319 940 482 1022 relegavit
493 934 530 1021 2).
592 939 692 1004 Initio
732 937 868 1004 Traiani
907 936 1109 1018 principatus
1149 936 1382 1020 „spiritumet

114 1055 303 1137 sanguinem
343 1061 377 1120 et
414 1056 554 1136 patriam
599 1061 794 1136 receperunt
841 1050 970 1119 studia“
984 1050 1019 1134 ³).
1081 1054 1159 1134 Ipse
1203 1052 1381 1134 imperator

112 1171 301 1237 litterarum
332 1171 444 1237 studia
475 1170 609 1238 fovebat
639 1176 737 1250 atque
771 1171 976 1250 honestabat,
1012 1169 1226 1233 bibliothecas
1261 1167 1381 1234 consti-

112 1280 280 1369 tuebat⁴);
314 1286 363 1379 in
380 1286 597 1367 philosophos,
634 1290 749 1367 poetas
784 1290 818 1350 et
849 1284 939 1349 viros
975 1284 1088 1348 doctos
1120 1304 1155 1350 se
1190 1303 1312 1349 comem
1346 1290 1381 1351 et

111 1401 242 1466 facilem
259 1403 439 1482 praebebat
451 1397 487 1484 ⁵).
534 1401 676 1466 Dicendi
691 1401 827 1465 libertas
844 1399 937 1465 bonis
951 1399 1082 1465 reddita
1093 1395 1130 1480 ⁶).
1168 1400 1246 1481 lpse
1259 1400 1381 1467 Caesar

86 1567 88 1573 .
113 1537 185 1582 cum
201 1518 382 1582 hominibus
400 1518 503 1583 doctis
518 1536 696 1581 sermonem
714 1536 812 1598 saepe
835 1509 1024 1597 habebat⁷).
1060 1515 1181 1581 Exiliis
1198 1508 1380 1598 capitisque

113 1632 377 1698 damnationibus
393 1634 549 1698 bonorum
564 1633 638 1699 linis
655 1633 863 1698 constitutus.
898 1631 1381 1714 DioOh1·ysostomus,Epicte·

112 1756 162 1814 tes
187 1748 244 1814 alii
276 1749 447 1813 clarissimi
477 1748 541 1814 uiri
575 1750 633 1813 sub
665 1748 856 1813 DomitIano
890 1747 1030 1831 relegati
1062 1749 1200 1813 Romam
1234 1753 1380 1814 reverte·

113 1861 232 1946 runt⁸).
264 1862 485 1945 Scriptoribus
502 1863 644 1928 romanis
664 1868 732 1927 tum
759 1864 906 1945 „demum
923 1863 1024 1928 rediit
1040 1861 1187 1928 animus“
1200 1860 1235 1946 9).
1282 1864 1382 1931 Dela-

113 1987 202 2044 tores
226 1979 278 2044 vel
303 1979 429 2059 expulsi
453 1979 506 2043 vel
530 1979 647 2058 capitIs
681 1978 835 2060 damnati,
870 1978 1130 2043 accusationibus
1160 1979 1233 2044 finis
1263 1980 1402 2045 consti·

56 2079 61 2089 ’
115 2100 203 2161 tutus
215 2090 264 2177 ¹⁰).
304 2095 454 2160 Moribus
469 2093 677 2158 emendandis
693 2093 863 2158 consulens
877 2092 1041 2159 Traianus
1058 2093 1173 2176 effecit,
1192 2099 1229 2158 ut
1242 2096 1381 2175 populus

116 2211 169 2294 „in
185 2209 395 2292 pantomimis
408 2215 618 2276 aversaretur
634 2214 786 2289 artesque
800 2227 908 2274 eorum
926 2206 1117 2274 damnaret“
1130 2203 1178 2292 ¹¹).
1212 2207 1382 2292 „Gloriam

113 2334 222 2392 tamen
245 2327 419 2391 militarem
436 2326 597 2391 civilitate
611 2316 655 2389 'et
672 2324 893 2390 moderatione
915 2325 1092 2407 superauit,
1118 2325 1242 2390 Ronrae
1266 2331 1300 2391 et
1322 2346 1381 2407 per

112 2441 299 2522 prouincias
323 2443 489 2522 aeqrralem
514 2461 549 2506 se
574 2442 719 2507 omnibus
743 2441 908 2523 exhibens,
945 2440 1065 2506 amicos
1090 2439 1255 2506 salutandi
1282 2460 1381 2507 causa

111 2556 400 2637 frequentamus
424 2561 635 2637 aegrotantes
659 2557 712 2622 vel
742 2575 813 2621 eum
841 2556 943 2621 festos
973 2555 1043 2621 dies
1073 2554 1275 2637 habuissent,
1307 2574 1381 2621 con-

112 2674 203 2740 vivia
236 2691 305 2737 cum
337 2672 449 2738 ilsdem
484 2671 662 2736 indiscreta
693 2671 837 2736 uicissim
866 2671 998 2752 habeus
1033 2689 1131 2750 saepe
1153 2670 1187 2735 in
1221 2669 1379 2737 vehiculis

115 2810 224 2855 eorum
250 2791 375 2870 sedens,
400 2789 521 2852 nullum
546 2793 730 2853 senatorum
756 2787 889 2851 laedens
914 2837 920 2851 .
946 2835 954 2852 .
980 2837 986 2850 .
1011 2786 1157 2852 liberalis
1180 2786 1214 2850 in
1232 2793 1376 2871 cunctos

113 2932 323 2939 -——-—-·--—-
327 2931 429 2937 ἡκ--

225 3008 247 3074 ¹)
275 3009 318 3059 De
337 3009 447 3059 nomine
460 3007 571 3058 Traiani
588 3008 618 3056 in
638 3007 696 3057 cod.
712 3006 912 3057 Mediolanensi
931 3005 1084 3070 (112-353
1104 3008 1154 3070 m.)
1174 3006 1247 3075 apud
1260 3005 1379 3058 Achaia·

116 3099 201 3148 trium
222 3097 315 3165 (Jahn,
333 3114 359 3165 p.
380 3096 445 3164 388]
464 3103 492 3147 et
509 3097 537 3146 in
556 3097 762 3146 recentissimae
782 3096 879 3146 aetatis
900 3094 985 3146 schol.
1005 3094 1039 3146 ad
1055 3095 1111 3146 Sat.
1130 3095 1189 3164 VII,
1208 3094 1241 3146 93
1261 3095 1381 3161 („eodex

115 3187 303 3238 Bibliothecae
328 3187 418 3254 regiae
439 3185 613 3236 Britannicae
639 3184 673 3234 15
692 3184 723 3235 B.
743 3183 832 3234 XVIII
857 3184 923 3234 uIim
941 3184 1165 3252 Bongarsianus“
1186 3200 1229 3252 ap.
1248 3184 1379 3236 Herman-

113 3292 188 3343 num,
208 3276 250 3326 De
270 3280 320 3327 sat.
341 3280 409 3343 sept.
430 3279 512 3343 temp.
532 3291 557 3342 p.
572 3273 602 3340 9)
621 3278 720 3342 postea
738 3273 831 3324 addito
851 3291 875 3324 v.
895 3289 937 3341 ap.
957 3273 1154 3343 Hermannum,
1172 3274 1190 3326 l.
1205 3274 1318 3343 l.p.12,
1337 3274 1379 3326 14.

114 3365 220 3433 Straclr,
239 3382 264 3434 p.
283 3366 325 3416 27.

221 3455 243 3521 ²)
272 3455 361 3523 Peter,
381 3454 427 3523 III,
447 3455 461 3504 2
482 3471 508 3522 p.
528 3453 588 3505 142.
661 3453 759 3522 Zeller,
777 3453 795 3506 I.
815 3453 833 3504 l.
852 3469 878 3520 p.
898 3452 957 3503 203.

220 3541 243 3610 ὃ)
271 3544 340 3596 Plin.
358 3545 424 3596 Pan.
445 3559 466 3594 c.
485 3543 541 3604 dut

218 3631 243 3697 4)
271 3633 324 3685 Dio
345 3633 421 3684 Cass.
441 3633 560 3701 LXVIII,
579 3631 620 3682 16.

221 3723 244 3788 5)
261 3723 351 3790 rerer,
369 3721 387 3772 1.
406 3722 425 3772 r.
444 3738 470 3790 p.
490 3721 549 3772 me.
569 3751 601 3759 -
621 3697 718 3790 heller,
737 3738 763 3789 p.
783 3720 832 3772 nor
852 3725 880 3771 a
898 3720 958 3775 21⁵.

220 3810 244 3878 ὓ)
272 3812 350 3879 Pho,
369 3811 418 3878 Ep.
438 3810 484 3878 III,
503 3809 546 3878 18,
570 3809 598 3860 6:
629 3811 757 3874 „liberius
777 3810 894 3877 ideoque
918 3811 1001 3861 etiam
1019 3809 1150 3862 libentius
1171 3808 1325 3863 scribitur.“
1345 3839 1380 3849 -

115 3901 246 3952 Zellerius
261 3901 291 3966 (I.
305 3901 323 3951 l.
337 3917 363 3968 p.
378 3900 443 3966 202)
457 3900 567 3951 Traiani
581 3903 700 3951 aetatem
712 3901 751 3951 Ita
765 3900 870 3950 delinit:
900 3897 1113 3967 ,Panegyriqua
1134 3900 1227 3967 salice,
1239 3898 1378 3951 histoire.“

116 3989 153 4044 CI.
173 3989 430 4058 TerrlleI-Schwahe,
449 3993 462 4054 5
482 3988 542 4058 330,
561 3989 586 4039 3.

220 4077 243 4145 ⁷)
272 4079 368 4146 Zeller,
386 4096 413 4146 p.
432 4077 483 4128 215
504 4094 544 4145 sq.
563 4077 623 4129 224.

219 4166 231 4200 ⁸
272 4169 370 4237 Zeller,
388 4185 414 4235 p.
433 4167 492 4219 216.
