2992 4808
733 272 772 338 29

648 361 856 370 ---.---

118 483 218 550 etiam
241 487 395 551 externas
419 483 660 567 subiungendas
684 485 836 569 arbitror,
873 504 955 566 quae
979 489 1071 552 aetas
1095 485 1251 568 cuiusque
1275 504 1382 554 mores

117 600 274 683 principis
312 601 354 666 ad
393 600 527 666 exilium
560 605 679 683 poetae
715 620 811 683 quam
846 601 985 666 maxime
1008 600 1157 668 conferre
1191 601 1382 682 potuerint?

117 716 406 785 Verumenimvero
445 736 621 799 paucorum
660 717 719 783 illa
756 736 910 784 versuum
948 717 1063 799 satira,
1103 736 1186 799 qnae
1223 718 1249 783 J
1250 717 1382 784 uvenali

117 831 252 898 exilium
274 835 416 918 parauit,
451 835 550 902 aliter
581 842 615 903 et
638 855 678 902 ex
701 854 740 905 re,
762 841 796 902 et
819 855 859 902 ex
891 840 1037 917 tempore
1071 833 1230 916 explicari
1263 835 1382 916 potuit.

117 947 205 1014 Nam
228 954 306 1033 tum,
330 950 395 1016 iam
412 950 696 1034 quadragesimum
711 951 802 1019 vitae
826 969 945 1017 annum
969 969 1080 1034 agens,
1106 950 1171 1033 „ad
1187 950 1383 1033 dignitatem

118 1064 280 1145 equestris
304 1065 427 1132 ordinis
451 1086 510 1133 sua
533 1068 655 1134 virtute
678 1067 852 1149 pervenire
868 1064 1007 1135 meruit“
1020 1063 1054 1150 ¹).
1094 1066 1224 1134 Deinde
1241 1086 1279 1133 eo
1295 1066 1384 1133 haud

117 1180 214 1247 dubie
249 1187 404 1266 tempore,
442 1189 480 1248 ut
513 1183 629 1250 titulus
662 1183 811 1264 lapideus
848 1184 972 1266 Aquini
1006 1189 1161 1266 repertus
1194 1177 1382 1267 testatur²b

122 1297 299 1363 honorifico
324 1298 483 1382 „flaminis
506 1299 587 1366 Divi
609 1297 827 1381 Vespasiani“
848 1319 981 1367 munere
997 1296 1225 1383 fungebatnr³)
1249 1303 1384 1382 arteque

116 1412 320 1481 deolamandi
358 1414 488 1495 aliquod
526 1415 590 1482 sibi
622 1435 738 1482 nomen
773 1417 838 1482 iam
873 1417 1078 1498 comparavit
1112 1434 1212 1497 seque
1248 1415 1382 1500 dignum

116 1529 280 1610 praebuit,
310 1531 366 1611 qui
389 1551 410 1597 a
432 1531 593 1598 Martiale
622 1529 824 1615 „faoundus“
857 1526 1126 1615 appellaretur⁴).
1177 1532 1295 1614 Itaque
1317 1551 1382 1599 non

117 1645 198 1711 adeo
221 1664 344 1726 parvae
374 1647 627 1714 existimationis
650 1649 703 1715 vir
730 1649 787 1715 ille
810 1650 934 1716 Romae
957 1649 1029 1733 fuit,
1060 1647 1111 1715 uti
1140 1655 1275 1731 propter
1304 1668 1382 1715 non-

116 1762 222 1828 nullos
244 1781 360 1830 versus
382 1764 415 1828 in
451 1765 610 1844 quendam
634 1755 870 1847 pantomimum
904 1765 1101 1846 compositos
1135 1765 1216 1831 urbe
1244 1783 1382 1831 summo·

116 1883 261 1945 veretur.
313 1879 386 1946 Neo
415 1880 743 1962 praetermittendum
774 1887 826 1947 est
849 1880 1121 1963 epigrammatum
1144 1879 1381 1946 confectionem

116 2000 184 2060 tam
208 1995 338 2062 solitam
360 1996 411 2061 his
434 1997 634 2079 temporibus
657 1995 769 2079 fuisse,
805 2002 906 2063 utne
930 1997 1046 2063 summi
1080 1995 1208 2076 quidem
1243 2000 1278 2062 et
1308 2015 1380 2080 gra·

118 2109 244 2177 vissimi
265 2110 330 2177 viri
354 2111 419 2177 otio
443 2130 501 2178 suo
525 2112 620 2177 huius
643 2112 691 2178 rei
708 2131 806 2178 eausa
826 2117 1001 2194 parcerent
1020 2112 1242 2192 ludicramque
1257 2111 1380 2196 poesin,

117 2244 198 2307 quae
221 2226 307 2292 haud
330 2246 406 2293 raro
435 2247 545 2294 omnes
579 2225 648 2294 fere
671 2227 762 2294 vitae
797 2227 999 2294 conditiones
1033 2227 1223 2311 attingeret,
1258 2226 1380 2308 passim

116 2347 304 2409 tractarent
312 2338 349 2426 ⁵).
386 2343 451 2410 His
475 2343 622 2410 omnibus
637 2345 734 2410 rebus
749 2345 923 2428 reputatis,
948 2363 1012 2410 non
1037 2348 1089 2411 est
1104 2363 1161 2410 our
1184 2342 1379 2426 dubitemus,

116 2458 193 2541 quin
216 2464 349 2540 praeter
373 2459 464 2526 exilii
494 2478 620 2544 causas,
651 2479 732 2541 quas
755 2481 773 2526 e
796 2461 876 2528 vitis
900 2464 1085 2542 compertas
1113 2460 1279 2543 habemus,
1309 2460 1380 2541 pln-

115 2574 232 2640 rimum
257 2575 297 2640 ad
321 2575 405 2640 hano
428 2594 495 2641 rem
519 2580 700 2657 temporum
724 2576 877 2659 conditio,
907 2596 1014 2644 mores
1041 2577 1270 2658 ingeniumque
1293 2575 1380 2657 prin·

115 2689 196 2771 oipis
220 2690 352 2773 eiusque
376 2711 447 2758 oum
470 2691 553 2759 viris
576 2692 734 2759 Juvenali
758 2692 918 2759 similibus
938 2692 1147 2777 consuetudo,
1172 2691 1380 2758 contulerint.

328 2843 432 2851 —

219 2929 242 2996 ¹)
270 2930 334 2983 Vita
351 2929 511 2983 Bodleiana.

218 3019 243 3084 ²)
273 3017 311 3071 Cf.
330 3020 392 3071 infr.

221 3104 246 3173 ³)
275 3106 314 3160 Of.
334 3108 501 3176 Marquardt,
524 3107 643 3160 Alterth.
662 3106 708 3159 IV.
727 3123 753 3175 p.
772 3106 824 3158 425
847 3122 874 3158 n.
894 3104 972 3159 2920.
1001 3136 1035 3146 -
1062 3106 1162 3175 Pauly,
1184 3106 1378 3172 Real-Enayol.

112 3195 158 3266 VI,
179 3200 202 3249 1.
221 3195 281 3248 363.
1465 3253 1470 3263 ,

218 3284 245 3352 ⁴)
272 3287 351 3338 Mart.
369 3287 420 3356 Ep.
439 3286 497 3356 VII,
517 3285 563 3339 91:
594 3286 652 3352 ,De
670 3290 775 3353 nostro,
794 3283 920 3351 facunde,
947 3285 998 3338 tibi
1016 3285 1158 3337 Juvenalis
1176 3285 1266 3353 agello
1285 3283 1379 3337 Satur-

113 3375 229 3428 nalicias
253 3378 389 3428 mittimus
414 3391 477 3429 eoae
496 3378 605 3428 nurees.“
631 3405 664 3414 —-
683 3375 734 3426 Hie
752 3375 823 3427 liber
841 3376 1080 3444 epigrammatum,
1103 3379 1134 3427 ιιι
1152 3374 1378 3426 Friedlaenderns

114 3465 194 3518 docet
211 3466 267 3533 (De
287 3467 456 3536 temporibus
470 3467 604 3519 librorum
616 3465 750 3518 Martialis
762 3465 922 3518 Domitiano
935 3467 1091 3535 imperante
1104 3465 1194 3534 editis,
1211 3464 1378 3533 Regimonti,

112 3554 205 3625 1862),
230 3572 294 3609 ann.
319 3556 352 3608 92
371 3574 398 3626 p.
419 3555 481 3609 Chr.
500 3560 556 3608 nat.
580 3556 671 3608 editus
691 3559 742 3609 est.
769 3584 803 3594 -
832 3553 871 3608 Of.
890 3556 938 3607 vit.
961 3555 1159 3624 Kuleukamp.:
1189 3553 1380 3621 „Declamavit

112 3661 168 3698 non
185 3647 318 3698 mediocri
336 3647 434 3698 fama.“

218 3736 241 3802 ⁵)
269 3737 347 3804 Prin,
360 3736 410 3805 Ep.
423 3734 469 3806 IV,
488 3735 523 3787 14
542 3739 555 3800 §
574 3735 657 3788 2-5:
687 3735 832 3804 „Accipies
851 3751 913 3787 oum
930 3734 983 3787 hae
1000 3733 1119 3804 epistola
1130 3732 1377 3798 hendecasyllabos

112 3830 235 3879 nostroe:
267 3826 366 3894 quibus
389 3840 441 3878 nos
465 3827 494 3876 in
518 3825 660 3893 vehiculo,
684 3826 713 3876 in
732 3825 851 3894 balineo,
875 3826 947 3877 iuter
966 3839 1080 3877 aoenam
1099 3822 1270 3876 oblectamus
1290 3823 1377 3878 otium

112 3916 253 3984 temporis.
284 3914 333 3966 His
345 3915 478 3984 iocamur,
491 3914 622 3984 ludimus,
635 3929 768 3982 amamus,
787 3914 921 3981 dolemus,
936 3914 1085 3983 querimur,
1096 3913 1256 3964 irascimur:
1276 3911 1377 3963 deseri-

111 4003 203 4057 bimns
223 4003 329 4072 aliquid
347 4003 429 4055 modo
448 4005 581 4073 pressius,
601 4003 683 4055 modo
704 4004 816 4055 elatius:
845 4007 928 4072 atque
946 4004 1008 4072 ipsa
1025 4003 1142 4054 veritate
1161 4005 1301 4053 tentamus
1320 4001 1376 4052 effi·

112 4109 182 4163 aere,
203 4098 232 4147 ut
251 4093 306 4146 alia
325 4093 396 4161 aliis,
425 4093 560 4162 quaedam
583 4095 703 4145 fortasse
729 4093 858 4146 omnibns
880 4093 1016 4162 placeant.
1052 4092 1096 4144 Ex
1121 4091 1221 4160 quibus
1240 4092 1378 4145 tamensi

111 4183 246 4236 nonnulla
267 4183 318 4236 tibi
342 4182 437 4252 paullo
466 4182 655 4251 petulantiora
680 4182 861 4251 videbuntur,
886 4183 938 4234 erit
966 4181 1130 4234 eruditionis
1155 4185 1220 4233 tuae
1246 4180 1377 4249 cogitare,

112 4287 235 4324 summos
260 4271 323 4324 illos
348 4275 375 4324 et
397 4273 579 4341 gravissimos
604 4273 687 4342 viros,
712 4273 758 4340 qui
782 4272 849 4323 talia
873 4272 1052 4341 seripserunt,
1075 4285 1131 4322 non
1156 4270 1238 4322 modo
1260 4269 1377 4322 lascivia

111 4376 212 4431 rerum,
237 4362 285 4414 sed
312 4378 346 4414 ne
374 4361 465 4414 verbis
495 4361 606 4429 quidem
635 4362 716 4413 nudis
745 4361 922 4431 abstinuisse,
954 4377 1024 4430 quae
1052 4375 1103 4413 nos
1131 4360 1292 4429 refugimus,
1320 4372 1376 4410 non

113 4451 178 4517 quia
196 4451 349 4503 severiores
368 4451 453 4517 (unde
473 4451 588 4519 enimi),
608 4451 657 4502 sed
676 4451 741 4518 quia
758 4450 911 4502 timidiores
931 4452 1052 4502 sumus.“
1091 4448 1129 4501 Cf.
1148 4449 1198 4518 Ep.
1217 4447 1277 4517 Vll,
1294 4446 1320 4501 4.
