2992 4808
674 257 885 350 Α

139 460 367 528 familiaritate
394 460 420 525 J
421 463 570 528 uvenalis
605 465 761 530 utebatur
775 459 813 547 ¹),
849 468 917 531 turn
953 466 1059 531 Roma
1092 464 1125 530 in
1159 465 1291 547 patrias
1319 465 1419 533 sedes

140 577 302 645 remeavit
311 573 349 659 ²).
399 578 471 644 Nec
504 599 557 644 res
586 580 724 646 amissas
757 600 952 662 recuperare
979 601 1040 647 nec
1073 580 1211 648 alterius
1250 601 1332 664 opes
1364 602 1418 648 ex-

140 700 291 775 spectare
318 699 418 775 poeta
441 694 559 776 potuit.
606 694 817 778 Quantopere
847 698 886 762 de
914 699 1012 763 rebus
1041 698 1108 763 suis
1141 702 1209 762 tum
1235 698 1262 764 J
1264 697 1417 765 uvenelis

139 810 300 877 sollicitus
323 810 437 894 fuerit,
469 831 509 876 ex
533 811 692 877 Martiale
716 813 865 879 conicere
893 832 1081 896 possumus,
1112 812 1168 894 qui
1192 812 1227 878 in
1251 813 1417 897 epigram-

137 935 225 995 mate
255 928 371 995 Bilbili
395 929 437 995 ad
460 934 592 1011 poetam
616 930 705 996 circa
733 949 808 995 ann.
837 936 898 995 102
921 950 952 1011 p.
978 930 1055 997 Chr.
1080 931 1181 997 missa
1191 928 1217 1014 ³)
1243 949 1320 997 eum
1348 932 1417 1015 „in-

139 1043 306 1127 quietum“
331 1046 499 1129 appellare
523 1065 588 1112 non
616 1046 783 1113 dubitavit
792 1041 830 1128 ⁴).
876 1046 949 1112 Nec
979 1065 1042 1111 non
1072 1052 1177 1131 recte,
1213 1066 1286 1113 cum
1309 1047 1416 1114 Juve-

138 1162 225 1229 ualis
255 1162 296 1229 ad
328 1167 512 1245 egestatem
548 1162 706 1229 deductus
741 1162 782 1228 ad
818 1161 985 1229 clientium
1017 1163 1146 1230 turbam
1176 1183 1211 1230 se
1242 1164 1415 1246 applicare

139 1286 271 1346 coactus
303 1285 400 1346 esset.
447 1277 604 1361 Quotidie
633 1278 735 1363 igitur
763 1279 876 1344 limina
903 1279 1140 1362 potentiorum,
1176 1283 1215 1345 ut
1249 1280 1322 1361 ipse
1356 1280 1415 1364 ait,

137 1398 282 1464 vexabat
294 1391 336 1480 ⁵),
372 1397 539 1476 multaque
571 1394 701 1461 homine
735 1396 837 1461 libero
872 1395 1008 1477 indigna
1041 1396 1232 1477 patiebatur
1243 1393 1279 1480 ⁰).
1341 1395 1414 1462 Nec

136 1517 251 1594 aperte
279 1511 364 1580 vitia
395 1512 553 1592 temporis
589 1512 639 1577 sui
668 1532 803 1593 carpere
839 1531 898 1578 nec
934 1512 1062 1577 omnino
1097 1531 1139 1578 ex
1173 1512 1298 1594 animo,
1335 1512 1413 1595 qnid

136 1628 284 1711 sentiret,
309 1627 419 1694 dicere
444 1633 590 1709 poterat:
626 1647 699 1693 nam
727 1627 882 1694 clientela
905 1633 984 1694 tunc
1009 1628 1166 1710 temporis
1190 1622 1412 1711 ,‚servitio“²)

135 1745 299 1812 simillima
321 1743 394 1810 fuit.
434 1745 553 1826 Itaque
577 1743 677 1810 aliam
701 1744 790 1810 vitae
814 1743 974 1810 rationem
999 1743 1084 1810 inire
1108 1744 1240 1810 statuit.
1281 1743 1412 1811 Militia

134 1862 211 1929 inde
240 1864 281 1929 ab
313 1860 511 1929 iuvenilibus
540 1860 634 1927 annis
663 1861 694 1927 ei
723 1868 803 1927 nota
825 1861 899 1926 fuit.
947 1860 1028 1927 Cum
1057 1861 1142 1927 enirn
1166 1881 1207 1926 ex
1230 1861 1412 1943 municipio

133 1977 265 2061 Aquino
311 1980 450 2044 Romam
485 1999 521 2044 se
556 1979 750 2044 contulisset
786 1977 827 2044 ad
858 1977 1052 2059 dignitatem
1083 1976 1207 2044 ordinis
1243 1977 1413 2059 equestris

133 2125 289 2134 ----.-

242 2211 265 2279 1)
285 2211 324 2264 Cf.
343 2213 373 2264 in
391 2212 454 2264 libr.
474 2227 536 2264 meo
557 2213 672 2279 „Puncta
693 2229 749 2266 car.
768 2231 786 2265 u
805 2213 971 2282 lOoenaw,
992 2231 1016 2284 p.
1035 2213 1097 2266 413.

239 2301 264 2368 ²)
282 2300 364 2353 Anno
389 2300 424 2352 98
446 2319 472 2371 p.
493 2300 555 2354 Chr.
580 2302 639 2353 Vid.
665 2301 727 2355 Chr.
751 2301 933 2373 Klussmann,
959 2303 994 2354 ad
1017 2305 1086 2355 Plin.
1116 2304 1203 2373 Epist.
1227 2321 1254 2373 p.
1280 2304 1336 2357 129
1357 2306 1414 2374 (ed.

133 2391 279 2459 stuttgart,
298 2389 390 2457 1869).
427 2391 525 2460 lmhof,
548 2408 574 2460 p.
593 2391 654 2443 137.

240 2477 264 2546 ³)
283 2479 543 2549 Teuffel-Schwabe,
562 2484 576 2545 §
595 2480 655 2532 322.
675 2479 699 2532 4.

237 2568 263 2636 ⁴)
281 2567 331 2638 Ep.
351 2570 410 2639 Xll,
429 2568 464 2620 18
483 2585 553 2622 vers.
573 2568 597 2621 1.
617 2600 651 2608 —
670 2572 768 2638 Lewis,
787 2571 849 2623 Juv.
870 2577 921 2624 sat.
934 2573 1131 2643 introduction,
1150 2590 1177 2642 p.
1197 2573 1262 2624 211:
1285 2574 1335 2640 „ln
1356 2575 1413 2629 this

132 2662 264 2730 epigram,
288 2661 399 2712 written
416 2661 445 2711 in
465 2659 558 2730 Spain,
577 2659 613 2712 he
631 2661 655 2712 is
674 2661 853 2729 represented
872 2678 902 2713 as
917 2662 1236 2731 wanderingrestleesly
1255 2663 1346 2716 about
1366 2664 1413 2717 tho

132 2756 217 2820 town,
240 2749 295 2801 and
319 2751 404 2818 tiring
428 2749 544 2802 himself
564 2750 631 2802 with
655 2750 698 2801 his
722 2750 886 2802 attendance
910 2767 984 2820 upon
1010 2758 1088 2821 great
1122 2753 1230 2821 people.
1277 2753 1303 2804 A
1329 2757 1412 2822 great

131 2840 194 2893 deal
219 2841 250 2893 os
271 2843 410 2891 comment
428 2839 479 2891 has
498 2839 568 2891 been
588 2839 668 2890 made
687 2854 762 2907 upon
788 2839 843 2891 this
869 2842 1001 2910 epigram,
1024 2842 1079 2892 and
1102 2842 1148 2893 tbe
1173 2841 1252 2894 word
1269 2840 1412 2909 inquietare

130 2930 181 2983 has
200 2930 269 2982 been
288 2928 352 2980 held
371 2933 400 2980 to
419 2929 506 2997 imply
524 2929 585 2980 that
602 2929 638 2980 he
656 2944 715 2981 was
736 2930 781 2994 „in
799 2945 904 2995 uneasy
928 2932 1168 2984 circumstances.“

237 3019 260 3086 5)
274 3018 330 3074 Sat.
341 3018 362 3087 l,
372 3016 438 3069 100.
497 3034 577 3084 „nam
588 3022 691 3070 vexant
702 3018 784 3070 limen
797 3024 824 3070 et
833 3021 887 3087 ipsi
896 3020 1074 3075 Nobiscum.“
1095 3021 1174 3073 Mart.
1185 3021 1204 3074 l.
1215 3021 1233 3075 l.
1243 3037 1316 3074 vers.
1325 3021 1409 3076 3-6.

236 3105 260 3174 ⁸)
279 3108 320 3160 De
344 3107 488 3159 Juvenelis
513 3108 540 3159 in
567 3109 700 3160 societate
722 3108 848 3160 Romana
873 3110 1031 3162 conditione
1059 3111 1171 3163 uberius
1199 3112 1230 3163 in
1253 3111 1316 3164 libr.
1343 3127 1408 3165 meo

130 3199 240 3267 saepius
260 3197 372 3249 laudato
392 3198 507 3262 „Putrem
528 3212 584 3249 aar.
602 3214 620 3248 rr
638 3196 795 3249 lOsenaun“
816 3200 856 3266 (p.
875 3197 1029 3266 422-426)
1050 3202 1175 3270 exposui,
1196 3216 1231 3253 ex
1255 3215 1312 3269 quc
1336 3200 1409 3255 haec

130 3289 226 3340 afferre
249 3287 341 3338 liceat:
389 3285 626 3353 „Obmecrsennoe
654 3289 806 3339 nonomenie
836 3287 971 3341 lOseuaua
999 3290 1136 3342 ocodenuo
1164 3305 1349 3356 yxyumnuoos
1375 3306 1408 3344 eo

129 3378 614 3446 apeueunonauer,uoornru1eliero
638 3393 692 3442 npn
716 3377 885 3444 llounnianb.
928 3378 1165 3447 Bosrparnmuuoa
1199 3395 1237 3430 sa
1261 3379 1342 3431 Purra
1370 3396 1407 3433 aa

128 3466 294 3535 paoburmun
321 3479 442 3534 pyrrona,
470 3464 625 3534 IOsenaun,
652 3483 824 3518 unmuumncs
852 3468 966 3536 umbnin,
1002 3484 1142 3535 npncraua
1170 3484 1207 3518 na
1234 3469 1287 3521 roll
1314 3477 1407 3521 romb

129 3555 263 3618 summa
281 3555 445 3622 nuienroan,
468 3570 590 3624 noropan
609 3570 763 3619 eraepnenno
787 3556 908 3609 odnuaua
932 3571 1035 3625 noporn
1059 3557 1207 3609 borararxa
1231 3573 1407 3627 narpouos‘s.
1450 3559 1454 3565 “

128 3643 168 3696 He
197 3659 301 3713 cuorpu
327 3660 362 3696 ua
391 3645 488 3696 unorin
516 3646 710 3714 bnaropopnem
737 3662 829 3714 ueprar
858 3661 955 3698 cucero
982 3663 1155 3717 xaparrepa,
1185 3646 1341 3718 fflseuaus,
1369 3665 1406 3702 no

129 3749 353 3803 cupasepunsorry
371 3735 530 3788 eanbueuiro
553 3750 652 3799 opnoro
675 3750 727 3787 nea
747 3737 923 3787 norbllurnxa
946 3751 1080 3801 yuensrxa
1106 3736 1251 3806 (Boissier,
1273 3753 1301 3806 p.
1327 3737 1408 3810 147),

127 3839 160 3876 ne
178 3839 390 3893 upnsapremana
409 3831 515 3876 suoueb
534 3841 571 3876 na
590 3840 664 3890 rouy
681 3841 782 3891 marey
800 3841 1017 3888 uepouousrrsrxn
1037 3842 1144 3879 osonum
1157 3826 1407 3890 obmecrscuumra

127 3915 328 3983 nouoaeuierrs,
341 3929 469 3983 roropsre
484 3930 598 3984 „ropuoe
610 3916 772 3981 pennuenie“
792 3931 999 3985 npepuounraun
1010 3917 1230 3969 aancnnranimra
1248 3933 1267 3982 y
1284 3916 1409 3972 doraseli

126 4020 144 4054 n
161 4019 253 4057 cnara.
295 4003 419 4056 Oruacrn
438 4020 472 4057 uo
491 4006 695 4074 npnnympeniro,
715 4020 833 4057 oruacmr
851 4021 885 4058 no
899 4021 1060 4074 upnunrouy
1078 4021 1157 4070 rorpa
1176 4004 1407 4076 obmnaro,10se·

125 4111 206 4164 num,
230 4094 350 4157 uouoduo
375 4108 479 4159 oaoeuy
502 4111 587 4163 ppyry
613 4094 772 4164 Mapuiauy,
801 4101 934 4158 subrauca
960 4096 1112 4147 nmenroun
1134 4112 1153 4147 u
1174 4110 1323 4149 nomast»
1350 4104 1408 4150 neb

125 4185 263 4251 ysnnenin
280 4200 298 4234 a
316 4199 431 4235 rnrocrn
446 4198 542 4235 cucero
562 4199 663 4236 uosaro
682 4186 851 4236 nonomenin“
872 4188 912 4253 (p.
930 4184 1008 4252 423).

232 4271 476 4343 ⁷)Set.lll,124.
513 4273 555 4324 De
575 4273 718 4325 clientelae
742 4273 884 4325 luvenalis
909 4275 1079 4343 temporibus
1105 4273 1262 4327 conditione
1291 4274 1347 4328 vid.
1374 4277 1407 4331 in

122 4362 186 4416 libr.
205 4362 280 4418 laud,
298 4379 327 4430 p.
346 4361 487 4413 248-258
507 4365 535 4413 et
558 4363 632 4431 apud
654 4362 852 4432 Lehmannum,
880 4361 1069 4430 Antiquitates
1091 4362 1280 4416 Romanorum
1305 4363 1406 4419 dome-

103 4450 198 4500 sticae
212 4451 245 4500 in
264 4450 416 4505 hivenalis
433 4453 533 4506 satiris
552 4453 725 4524 illustratae,
740 4451 821 4506 Halia
839 4451 945 4506 Saxon.
959 4450 1028 4504 lust
1046 4469 1077 4519 p.
1092 4451 1129 4502 ‘ts
1146 4468 1190 4519 su„
