2992 4808
694 911 776 994 V.

288 1104 355 1216 de
392 1104 629 1216 iuvenale
667 1104 731 1217 at
771 1103 916 1216 exilio
958 1132 1186 1218 reverso.

660 1338 819 1354 ΛΛΛΛΙΜ

206 1462 387 1548 Quaeritur
417 1464 498 1548 iam,
536 1464 661 1546 quondo
694 1464 732 1530 in
760 1464 941 1530 Britannia
966 1463 1151 1529 militaverit
1178 1461 1373 1529 Juvenum?

100 1566 258 1648 Ante'an
281 1584 356 1663 post
380 1579 514 1646 exilium
538 1580 807 1665 Aegyptiacum?
842 1580 923 1647 Mea
946 1579 1075 1662 quidem
1107 1579 1274 1647 sententia
1298 1583 1374 1662 post

98 1697 242 1765 exilium.
289 1696 380 1764 Ante
403 1696 588 1764 Domitiani
619 1696 842 1778 principatum
865 1697 1005 1764 Romani
1027 1697 1061 1763 in
1084 1716 1124 1762 ea
1146 1701 1274 1763 tantum
1298 1695 1372 1762 Bri-

97 1814 232 1881 tanniae
250 1820 355 1897 parte,
376 1833 458 1895 quae
475 1813 517 1878 ad
532 1813 699 1879 meridiem
715 1813 832 1896 vergit,
857 1813 976 1880 bellum
993 1814 1153 1896 gerebant
1163 1808 1196 1893 ¹).
1231 1813 1372 1879 Ineunte

98 1928 235 2010 imperio
265 1929 450 1996 Domitiani
485 1930 641 1995 maiorem
676 1928 804 1995 insulae
832 1933 961 2010 partem
984 1927 1146 2010 Agricola
1175 1927 1301 1994 devicit
1329 1929 1371 1995 ad

101 2044 378 2127 septentrionales
412 2044 610 2110 Caledoniae
648 2044 799 2126 regiones
838 2063 1031 2128 progressus
1043 2039 1079 2127 ²).
1139 2043 1220 2110 Oum
1260 2047 1369 2111 autem

101 2165 143 2226 84
171 2180 202 2243 p.
227 2160 304 2228 Chr.
329 2180 413 2228 anno
441 2161 587 2244 gentium
616 2160 812 2226 Britanniae
847 2161 989 2227 domitor
1023 2166 1199 2228 revocatus
1235 2166 1323 2227 esset
1334 2157 1370 2245 ³),

98 2277 275 2344 Juvenalis
298 2296 377 2343 vero
407 2277 556 2342 oculatus
586 2276 682 2342 testis
705 2276 837 2343 Paridis
869 2276 1036 2359 potentiae
1060 2296 1145 2343 anno
1170 2284 1211 2343 83
1236 2297 1268 2359 p.
1293 2276 1371 2345 Chr.

98 2413 119 2459 a
142 2393 335 2460 Domitiano
360 2393 458 2459 occisi
482 2386 647 2476 fuisset⁴)‚
677 2393 747 2459 fieri
772 2413 836 2459 non
860 2393 981 2476 potuit,
1015 2393 1064 2459 uti
1087 2391 1250 2477 Agricola
1272 2394 1372 2476 impe·

97 2514 193 2575 rante
222 2509 387 2591 stipendia
416 2514 571 2591 mereret,
604 2505 669 2589 'quo
698 2516 854 2576 revocato
884 2511 1104 2577 Romanorum
1133 2509 1168 2576 in
1195 2510 1370 2576 Britannia

101 2624 186 2690 bella
210 2625 362 2691 confecta
384 2624 590 2691 videbantur.
637 2625 807 2691 Extremis
831 2626 1014 2693 Domitiani
1041 2626 1243 2708 temporibus
1266 2625 1291 2691 J
1294 2645 1369 2693 uve·

97 2741 197 2823 naliS,
229 2747 267 2806 ut
296 2759 396 2821 supra
423 2739 605 2823 docuimus,
642 2740 833 2824 Aegyptum
868 2742 1035 2808 exulatum
1071 2740 1154 2808 abiit
1165 2737 1202 2825 ⁵).
1255 2741 1371 2809 Nerva

96 2855 280 2938 imperante
316 2852 403 2938 (aun.
434 2853 504 2936 97),
541 2873 613 2920 cum
648 2875 759 2921 omnes
792 2877 812 2923 a
841 2854 1032 2923 Domitiano
1075 2856 1196 2922 iniuste
1228 2856 1370 2940 relegati

99 2969 388 3055 revocarenturll,
422 2976 520 3052 poeta
553 2972 687 3038 Romam
722 2971 832 3037 rediit.
879 2969 1073 3038 Miserrima
1104 2977 1182 3039 tunc
1212 2973 1370 3054 temporis

97 3087 123 3152 J
125 3088 275 3156 uvenalis
299 3088 442 3155 conditio
464 3088 539 3154 fuit.
586 3086 683 3154 Omni
706 3092 744 3153 ut
767 3088 842 3155 exul
870 3107 907 3153 re
935 3087 1092 3155 familiari
1114 3089 1264 3170 privatus
1287 3088 1369 3155 nihil

96 3204 177 3289 fere,
202 3225 263 3287 qno
280 3205 384 3273 vitam
400 3210 614 3288 sustentaret,
638 3204 762 3288 habuit,
787 3223 859 3270 cum
876 3204 1046 3285 praedium
1069 3209 1253 3290 paternum,
1278 3206 1370 3272 cuius

96 3321 167 3403 ipse
196 3315 397 3406 meminit⁷),
433 3321 521 3389 haud
553 3321 650 3387 dubie
685 3321 849 3402 direptum
877 3326 966 3388 esset
976 3317 1014 3406 ⁸).
1061 3321 1246 3405 Martialis,
1277 3320 1369 3389 cuius

98 3462 417 3473 ...σαι-*-

204 3541 227 3608 ¹)
245 3542 344 3612 lmhof,
363 3558 390 3611 p.
407 3540 442 3593 41
462 3558 503 3610 sq.

202 3631 226 3697 ²)
244 3631 313 3685 Ibid.
331 3648 359 3700 p.
376 3630 491 3683 44-45.
527 3632 616 3700 Peter,
634 3648 662 3701 p.
680 3630 741 3683 121.
777 3631 875 3700 Zeller,
893 3648 919 3701 p.
937 3631 997 3684 192.

212 3722 226 3786 )
244 3719 343 3773 Imhof.
361 3736 388 3789 p.
407 3719 450 3771 51.
487 3720 576 3789 Peter,
594 3721 660 3774 ibid.
697 3720 795 3791 Zeller,
812 3721 878 3774 ibid.

245 3810 315 3862 Vide
334 3825 409 3879 supr.
430 3827 458 3879 p.
476 3808 591 3863 34-37.

244 3898 314 3951 Vide
332 3916 359 3968 p.
378 3898 412 3950 35
432 3914 473 3967 sq.

200 3986 212 4020 θ
245 3987 285 4040 Of.
306 4003 380 4057 supr.
398 4004 425 4056 p.
444 3986 488 4040 45.

200 4073 225 4144 ἵ)
245 4077 301 4131 Sat.
314 4077 360 4145 Vl,
379 4077 412 4128 57
425 4077 491 4145 ibiq.
529 4076 676 4146 Weidner,
694 4077 742 4130 ubi
757 4083 848 4131 tamen
865 4078 934 4131 haee
953 4083 1018 4132 eunt
1035 4081 1211 4150 corrigenda:
1229 4082 1367 4153 Arpinum

95 4187 128 4212 =
146 4166 303 4237 Aquinum3
321 4165 375 4218 319
394 4189 427 4212 =
447 4166 503 4218 Set.
522 4166 569 4234 III,
588 4165 648 4222 319.
661 4197 696 4206 —
708 4168 807 4238 Lewis,
826 4167 844 4220 l.
863 4168 881 4220 1.
901 4186 927 4238 p.
940 4168 1002 4222 323.
1020 4200 1055 4209 —
1074 4170 1258 4242 Syuucrberg,
1277 4190 1303 4243 p.
1322 4175 1366 4227 54.

200 4253 224 4315 ⁸]
244 4253 283 4308 df.
297 4255 371 4309 Suet.
385 4256 466 4308 Dom.
485 4254 534 4308 12:
555 4255 647 4321 „Nihil
658 4259 740 4326 pensi
759 4258 962 4325 (Domitianus)
981 4257 1087 4329 habuit,
1107 4262 1172 4327 quin
1185 4262 1367 4330 praedaretur

94 4346 170 4397 omni
188 4345 280 4398 modo.
316 4346 396 4399 Bona
408 4347 536 4398 vivorum
556 4349 584 4398 et
601 4351 774 4400 mortuorum
796 4362 995 4416 usquequaque
1015 4348 1139 4416 quolibet
1158 4354 1186 4403 et
1204 4355 1370 4403 accusatore

94 4438 123 4486 et
141 4435 255 4486 crimine
274 4436 518 4506 corripiebantur.“
555 4435 654 4509 lmhoi,
670 4453 699 4509 p.
717 4436 750 4491 ’Π
773 4453 817 4507 sq.
