2992 4808
754 248 794 308 58

134 474 196 521 nus
207 450 230 536 ¹)
263 453 354 520 exilii
384 454 488 521 locum
522 455 625 523 fuisse
657 462 788 541 putant,
832 457 917 540 qnod
945 476 1006 540 ego
1030 457 1109 524 mihi
1134 457 1232 526 valde
1263 457 1415 525 arridere

134 571 243 638 fateor
253 565 292 654 ²).

241 686 294 751 De
315 687 409 752 caelio
434 686 567 768 metuo,
599 688 684 769 quod
715 690 863 757 nonnulli
885 709 944 772 pro
968 690 1174 773 relegatione
1197 689 1416 775 Aegyptiace

135 803 278 885 amplexi
312 802 441 888 suut³),
476 823 540 870 non
576 811 628 871 est
661 807 746 886 quod
780 808 884 874 fusius
918 807 1094 890 disputem.
1155 808 1244 874 Nam
1277 812 1416 889 praeter

135 918 414 1004 Synuerbergium
421 914 450 1005 ⁴)
468 921 642 989 Strackius
662 928 697 989 et
712 921 902 1006 Stampinus
921 925 1107 1005 nuperrime
1130 923 1414 1006 demonstrarunt,

134 1036 161 1102 J
162 1038 334 1106 uvenalem
372 1038 406 1105 in
431 1038 613 1107 Caledonia
645 1058 710 1108 non
742 1041 885 1123 exulem,
925 1040 983 1107 sed
1017 1039 1154 1106 militem
1190 1039 1413 1106 voluntarium

128 1153 304 1237 stipendia
325 1155 445 1223 fecisse
455 1151 491 1240 ⁵).
538 1159 685 1224 Revera
701 1157 767 1224 iam
784 1159 886 1242 vitae,
910 1158 943 1224 in
966 1158 1082 1240 quibus
1098 1156 1139 1222 de
1155 1155 1285 1224 Scotico
1303 1155 1331 1222 J
1332 1175 1410 1225 uve·

135 1270 222 1337 nalis
246 1271 345 1338 exilio
368 1272 522 1356 traditur,
547 1292 643 1354 qnam
667 1275 826 1341 maximas
851 1273 1053 1356 suspiciones
1077 1277 1219 1342 movent.
1266 1272 1357 1339 Nam
1375 1278 1415 1339 nt

136 1387 285 1454 omittam
309 1388 390 1472 alla,
414 1389 478 1455 iam
503 1408 604 1470 supra
627 1389 732 1456 allata
743 1387 783 1473 ⁶),
808 1389 1003 1471 praesertim
1026 1391 1111 1457 hanc
1134 1408 1203 1454 rem
1225 1389 1300 1456 vita
1323 1390 1412 1455 Bod-

134 1503 245 1571 leiana
261 1510 295 1571 et
311 1504 554 1573 Omniboniana
577 1509 799 1590 comprobant,
823 1526 907 1589 quae
931 1508 957 1573 J
958 1507 1131 1574 uvenalem
1155 1509 1273 1572 contra
1289 1504 1412 1571 Scotos

135 1621 270 1689 missum
304 1622 339 1688 in
374 1622 472 1687 exilio
505 1628 664 1688 mortuum
700 1617 879 1707 tradunt⁷).
933 1622 1004 1707 Quo
1039 1621 1122 1688 nihil
1156 1621 1349 1703 absurdius,
1384 1620 1414 1688 si

136 1744 258 1821 cetera,
284 1756 366 1819 quae
383 1739 424 1805 de
440 1738 617 1804 Juvenalis
640 1738 713 1808 vita
736 1738 886 1823 diximus
912 1758 983 1805 eum
1000 1739 1200 1805 scholiastae
1222 1738 1414 1804 testimonio

139 1874 371 1937 comparemus.
412 1854 510 1921 Unde
525 1861 640 1921 auctor
656 1855 772 1922 Scotos
788 1855 976 1938 sumpserit,
1002 1855 1067 1920 iam
1086 1856 1297 1921 Duentzerus
1319 1859 1415 1920 recte

136 1972 336 2056 observavit,
360 1976 533 2054 postquam
557 1972 720 2038 secundae
743 1971 868 2038 satirae
891 1990 1006 2038 versus
1034 1975 1224 2037 159-161:

822 2098 926 2179 ,Arma
945 2110 1056 2179 quidem
1076 2112 1150 2163 ultra

382 2200 476 2252 LItoro
493 2199 632 2253 Jubernae
649 2203 840 2270 promovimus
860 2206 888 2254 et
906 2201 989 2254 modo
1009 2206 1104 2269 captas

385 2286 507 2341 Orcadas
526 2305 558 2341 ac
577 2291 691 2342 minima
709 2295 854 2342 contentos
873 2294 955 2342 nocte
973 2289 1149 2358 Britannos“,

137 2436 209 2483 curn
225 2418 317 2485 vitae
333 2416 522 2483 testimonio
546 2415 800 2501 comparavit⁸).
839 2419 904 2486 Sed
921 2419 1020 2484 etiam
1038 2417 1243 2484 monendum.
1279 2416 1416 2485 Fabula

137 2535 177 2602 de
206 2534 305 2601 exilio
335 2534 466 2601 Scotico
495 2535 550 2602 vel
579 2535 655 2602 inde
684 2536 763 2601 oriri
792 2535 916 2617 potuit,
950 2534 1035 2617 quod
1058 2532 1236 2600 Juvenalis
1269 2552 1418 2600 revera

137 2651 312 2733 aliqnando
347 2650 382 2718 in
416 2649 595 2718 Britannia
631 2670 691 2717 sua
729 2657 845 2731 sponte
881 2651 1045 2732 stipendia
1082 2646 1254 2730 fecerat⁹).
1315 2646 1416 2732 Quod

138 2767 267 2848 quidem
292 2766 475 2833 certissime
499 2769 690 2849 comprobat
712 2767 829 2833 titulus
851 2768 908 2833 ille
937 2766 1086 2849 lapideus
1108 2764 1248 2848 Aquini,
1278 2765 1313 2831 in
1339 2765 1416 2848 ipsa

137 2965 456 2974 ——————.-

245 3097 268 3164 ¹)
288 3096 339 3167 Op.
357 3097 431 3148 land.
450 3114 477 3165 p.
496 3095 539 3148 63.

244 3187 267 3254 2)
287 3185 326 3239 cf.
346 3202 420 3256 supr.
439 3204 465 3255 p.
485 3185 527 3237 38.

244 3294 267 3363 3)
286 3297 434 3365 Hermann,
453 3295 538 3364 praef.
557 3312 583 3364 p.
612 3294 768 3347 VII-VIII.
805 3294 926 3361 Siebold,
945 3294 962 3344 l.
976 3294 993 3344 l.
1014 3292 1123 3344 Einleit.
1142 3310 1169 3362 p.
1189 3292 1287 3347 XVIII.
1328 3293 1414 3363 Berg,

137 3387 155 3438 l.
174 3387 192 3440 l.
211 3404 239 3456 p.
258 3387 291 3437 17
312 3401 352 3454 sq.
389 3385 517 3454 VeecovI,
535 3385 702 3453 prefazione,
720 3401 747 3453 p.
766 3383 864 3435 XXIX.

243 3492 267 3561 ⁴)
286 3495 315 3547 L.
334 3495 353 3546 l.
372 3511 399 3563 p.
418 3492 532 3545 48-53.

245 3584 268 3650 Ι”)
288 3584 395 3653 Strack,
412 3600 440 3652 p.
458 3582 502 3635 25.
521 3613 555 3620 —
575 3581 719 3651 Stampini,
737 3599 763 3650 p.
783 3581 896 3632 50-53.

243 3671 487 3742 Uffipssm

244 3779 268 3847 Ἰ)
289 3795 360 3848 „quo
380 3782 506 3831 effectum
525 3782 567 3833 est
586 3783 617 3830 nt
635 3780 694 3847 ipsc
720 3779 810 3830 animo
836 3782 1027 3829 consternatus
1053 3793 1088 3828 ex
1113 3779 1213 3829 mentis
1236 3777 1415 3845 aegritudine

138 3874 211 3926 diem
229 3887 311 3923 sunm
333 3870 457 3923 obierit.“

243 3977 268 4044 ⁸)
286 3979 350 4031 Loc.
369 3976 442 4029 land.
461 3993 488 4045 p.
511 3975 572 4028 376.
595 4007 629 4014 -—
647 3975 799 4027 Franckine
818 3975 901 4026 huius
920 3974 1037 4026 fabellae
1056 3975 1160 4026 fontem
1183 3975 1266 4026 etiam
1289 3974 1320 4026 in
1338 3990 1415 4029 vers.

138 4070 189 4123 112
210 4073 261 4121 sat.
280 4067 330 4118 XV
351 4066 408 4133 „De
428 4065 605 4119 conducendo
623 4066 750 4133 loquitur
766 4066 822 4116 iam
840 4063 952 4116 rhetore
971 4063 1075 4115 Thule“
1100 4064 1152 4116 sibi
1171 4064 1314 4132 aperuisse
1332 4065 1415 4119 mens

138 4162 182 4212 est
200 4157 312 4223 (Exam.
331 4157 400 4226 crit,
417 4172 444 4225 p.
463 4154 520 4221 45).

243 4261 267 4330 ⁹)
288 4262 327 4316 cf.
345 4263 488 4330 Weidner,
512 4263 530 4314 1.
548 4263 567 4314 l.
581 4266 595 4327 ὅ
608 4261 655 4313 24:
678 4261 753 4329 „Ans
774 4261 821 4313 der
834 4261 941 4330 Kunde,
962 4261 1025 4314 dass
1046 4277 1075 4313 er
1088 4261 1233 4327 (Juvenal)
1253 4260 1417 4317 aleTrihnn

139 4355 201 4406 dort
213 4355 254 4419 [in
264 4352 438 4420 Britanniam)
451 4367 588 4421 gewesen,
607 4368 665 4404 war
684 4352 727 4403 die
737 4350 931 4419 Vermuthnng
950 4351 1014 4402 sehr
1025 4350 1111 4402 leicht
1123 4367 1157 4402 zu
1169 4351 1325 4420 gewinnen,
1345 4352 1415 4408 dass

118 4454 153 4488 er
165 4441 198 4490 1'11
214 4441 421 4494 mrlr'tariselrer
436 4441 622 4512 Eigenschaft
641 4441 756 4496 dorthIn
772 4441 932 4494 uerwieeen
947 4439 1086 4491 uuerden.u
