2992 4808
724 226 764 286 28

110 432 194 498 torio
217 431 351 499 recitati
366 435 462 498 erant
472 428 505 515 ¹),
530 433 645 499 deinde
661 452 749 517 uero,
774 435 832 500 sub
849 428 1038 518 uraian02),
1062 432 1220 515 septimae
1241 433 1381 518 satirae,

110 546 144 612 in
168 567 232 630 qua
254 567 339 615 nunc
362 554 495 614 exstant
503 547 539 631 ³),
563 549 682 616 inserti
705 554 791 617 sunt.

216 665 270 729 Ex
293 664 344 730 his
367 663 515 731 omnibus
538 666 735 732 testimoniis
759 666 955 750 gravissima
971 666 1012 732 ad
1028 672 1156 747 tempus
1171 665 1264 731 exilii
1287 672 1382 733 recte

113 781 328 849 definiendum
351 783 473 849 mentio
512 781 723 868 „histrionis“
759 784 813 851 vel
849 783 1059 866 „pantomimi
1093 777 1247 848 Paridis“
1282 781 1382 848 nobis

112 897 253 966 videtur.
299 898 375 964 Hoc
398 898 483 964 enim
506 918 632 980 noman,
657 899 844 966 testimonio
861 897 1067 981 Apollinaris
1081 895 1207 963 Sidonii
1231 917 1381 980 compro·

110 1007 267 1097 batnm⁴),
292 1015 404 1081 eadem
430 1015 557 1097 antiqui
580 1015 680 1083 fontis
703 1015 857 1100 vestigia,
887 1034 969 1096 quae
993 1033 1094 1096 supra
1116 1013 1379 1098 observavimus

111 1150 191 1212 prae
215 1149 250 1198 se
273 1132 360 1198 ferre
383 1132 525 1200 videtur.
571 1131 637 1199 Sed
660 1152 732 1199 cum
755 1133 816 1198 duo
840 1131 1031 1214 pantomimi
1054 1130 1202 1213 Parides,
1233 1148 1318 1196 uuus
1342 1132 1378 1197 in

111 1245 238 1313 deliciis
262 1249 347 1330 apud
370 1247 545 1343 Neronem,
581 1249 667 1314 alter
695 1283 738 1294 —
769 1249 855 1331 apud
878 1248 1113 1331 Domitianum,
1146 1252 1378 1330 memorentur,

114 1363 252 1445 primum
275 1363 310 1428 in
334 1383 372 1429 eo
395 1365 581 1449 ambigitur,
605 1371 679 1430 uter
695 1365 752 1431 ille
767 1364 865 1432 Paris
888 1363 1010 1431 fuerit?
1034 1364 1118 1429 Tum
1138 1361 1381 1428 Omniboniana

113 1478 186 1546 vita
207 1480 441 1563 relegationem
464 1486 582 1562 poetae
606 1482 648 1547 ad
671 1481 808 1549 Traiani
836 1487 984 1563 tempora
1006 1479 1119 1562 refert,
1154 1479 1188 1545 in
1210 1477 1380 1544 Probiana

114 1615 192 1663 vero
216 1602 250 1662 et
265 1595 448 1663 Bodleiano
469 1598 591 1663 nullum
615 1596 823 1680 imperatoris
838 1616 955 1663 nomen
971 1600 1091 1678 exstat,
1116 1613 1216 1678 qnare
1231 1593 1379 1660 homines

113 1711 202 1778 docti
225 1711 289 1778 iam
312 1712 387 1778 inde
422 1733 443 1779 a
474 1712 648 1779 Calderino
660 1709 696 1798 ⁵),
733 1710 938 1796 Salmasiob,
976 1711 1148 1779 Dodwello
1157 1705 1182 1790 ⁷)
1216 1710 1250 1775 in
1286 1709 1379 1775 exilii

113 1833 247 1894 auctore
272 1826 452 1895 definiendo
475 1828 572 1896 valde
596 1829 794 1912 discrepant.
833 1827 888 1895 Sic
912 1829 970 1896 alii
985 1829 1159 1909 Neronem,
1185 1826 1241 1893 alii
1263 1826 1379 1891 Domi-

112 1944 247 2028 tianum,
272 1945 330 2011 alii
347 1944 524 2012 Traianum
540 1946 594 2015 vel
610 1946 817 2013 Hadrianum
832 1946 1059 2028 praetulerunt
1068 1941 1104 2027 ⁸),
1128 1962 1188 2009 uec
1203 1940 1380 2008 defuerunt

114 2060 169 2142 qui
192 2061 282 2127 nulla
314 2061 441 2128 ratione
464 2061 608 2130 vitarum
642 2063 885 2144 testimoniique
907 2059 1113 2143 Apollinaris
1146 2057 1259 2124 habita
1294 2056 1380 2122 cele-

114 2177 288 2243 berrimam
310 2177 401 2243 illam
436 2179 494 2261 „de
518 2175 638 2245 exili0“
673 2179 895 2260 quaestionem
930 2176 1011 2243 nihil
1047 2195 1118 2242 esse
1144 2174 1209 2240 nisi
1231 2172 1379 2239 fabulam

113 2292 221 2358 fictam
258 2298 292 2358 et
325 2293 581 2359 commenticiam
616 2294 839 2360 demonstrare
874 2297 1070 2360 conarentur
1079 2289 1115 2375 ⁹).
1166 2289 1279 2371 Atque
1314 2289 1379 2353 boc

114 2407 244 2490 quidem
271 2409 387 2492 negari
415 2428 478 2476 non
506 2413 627 2490 potest,
663 2409 886 2476 difficillimum
910 2428 982 2476 esse
1004 2409 1088 2474 hanc
1111 2412 1169 2474 aut
1191 2406 1280 2472 illam
1304 2423 1379 2471 sen-

112 2525 248 2590 tentiam
272 2526 421 2608 probare,
446 2525 651 2606 praesertim,
676 2525 704 2591 si
728 2526 924 2608 consideres
952 2525 986 2590 in
1009 2524 1127 2590 satiris·
1143 2520 1378 2589 Juvenalianis

112 2641 202 2707 nulla
236 2641 326 2707 exilii
349 2640 524 2708 manifesta
547 2647 679 2708 exstare
712 2640 912 2708 testimonia.
958 2641 1012 2707 Ac
1035 2640 1114 2705 mihi
1142 2639 1269 2720 quidem
1292 2637 1378 2702 hanc

113 2757 337 2838 quaestionem
354 2757 543 2840 diligentius
559 2759 755 2839 expendenti
770 2756 1034 2838 probatissimum
1050 2772 1179 2836 semper
1193 2751 1376 2834 videbatur,

112 2872 153 2938 ad
176 2873 262 2940 banc
284 2893 353 2940 rem
376 2872 608 2939 enucleandam
633 2873 925 2955 stabiliendamque
952 2871 1143 2940 testimonia
1170 2869 1378 2950 antiquarum

112 2989 256 3055 vitarum
280 3008 319 3055 ac
341 2989 598 3071 disceptationes
615 2990 655 3054 de
670 2989 845 3056 iuvenalis
869 2991 1046 3057 carminum
1070 2992 1271 3073 temporibus
1291 2992 1378 3058 baud

113 3105 270 3172 sufficere.
320 3106 388 3172 Res
417 3105 496 3172 mihi
523 3104 622 3173 aliter
653 3105 856 3188 expedienda
884 3107 1024 3190 videtur,
1053 3108 1204 3175 nimirum
1227 3108 1376 3193 internis,

113 3226 151 3287 ut
173 3222 221 3288 ita
243 3221 360 3305 dicam,
394 3222 575 3288 rationibus
598 3221 752 3306 vitarum,
788 3222 968 3305 dequibus
997 3242 1097 3305 supra
1118 3224 1222 3291 locuti
1256 3244 1375 3308 sumus,

219 3416 243 3483 ¹)
272 3417 388 3486 „Magna
412 3418 567 3486 frequentia
597 3433 753 3487 magnoque
783 3433 914 3470 successu
941 3417 983 3470 bis
1010 3433 1041 3468 uc
1064 3421 1108 3468 ter
1131 3417 1241 3469 auditus
1267 3421 1325 3470 est“
1349 3420 1379 3470 in

112 3506 252 3558 nonnullis
272 3508 335 3558 vitis
353 3505 480 3575 legimus.

218 3596 242 3662 2)
271 3594 310 3648 Of.
329 3611 403 3664 supr.
421 3613 448 3664 p.
466 3595 580 3648 19-22.

219 3682 243 3751 ³)
270 3685 332 3738 Vre.
352 3684 469 3736 90-92:
496 3685 593 3752 „Qruod
612 3700 667 3737 non
691 3685 758 3737 dant
775 3700 913 3754 proceres,
937 3683 1013 3736 dabit
1030 3684 1143 3737 histrio:
1167 3689 1198 3737 tu
1221 3684 1379 3737 Camerinos

113 3775 149 3826 Et
167 3775 293 3843 Baream,
317 3779 347 3827 tu
371 3774 504 3827 nobilium
527 3791 629 3844 magna
652 3775 722 3826 atria
751 3776 850 3826 cures?
874 3775 1027 3842 praefectos
1051 3774 1170 3843 Pelopea
1192 3775 1265 3843 facit,
1288 3773 1379 3825 Philo-

113 3863 186 3916 mela
205 3863 354 3918 tribunos.“

218 3950 243 4019 ⁴)
264 3950 302 4004 Of.
323 3967 396 4022 supr.
414 3969 441 4021 p.
460 3951 573 4004 11-12.

268 4041 300 4092 In
320 4041 384 4093 edit.
403 4041 528 4093 Juvenal.
548 4040 644 4095 Venet.
665 4039 742 4093 1475.

270 4218 393 4270 Annales
413 4218 557 4288 Velleiani,
576 4218 763 4285 Quintilianei,
784 4219 908 4287 Statiani,
930 4217 1018 4272 Oxou.
1041 4217 1110 4269 1698
1129 4233 1154 4285 p.
1174 4214 1233 4268 161.

274 4307 312 4359 Cf.
331 4307 479 4377 Hermann,
497 4308 540 4359 De
559 4312 610 4361 set.
630 4314 699 4378 sept.
718 4314 813 4378 temp,
831 4325 859 4377 p.
878 4308 894 4360 3
914 4315 941 4361 et
959 4307 985 4360 4.

219 4394 245 4463 ⁹)
273 4393 310 4448 cf.
331 4412 416 4466 supra
433 4413 459 4467 p.
479 4397 494 4448 2
515 4413 576 4449 anu.
596 4397 674 4450 2-5.

218 4040 228 4076 a

223 4043 248 4195 i))
275 4129 345 4182 Pliu.
364 4129 562 4183 Exercitation.
581 4131 610 4181 in
629 4130 716 4182 Solimi
733 4130 866 4196 Polyhist.
885 4129 916 4181 T.
933 4128 955 4198 I,
973 4147 999 4200 p.
1018 4128 1079 4184 449.

219 4216 243 4284 ⁷)

220 4310 244 4373 ⁸)
