2992 4808
644 314 684 320 -.
731 228 772 289 51

111 436 295 521 apparebit,
319 436 478 518 quomodo
502 442 629 504 remota
651 437 834 504 Domitiani
856 442 1006 518 tempora
1029 442 1098 503 tam
1121 435 1255 504 vividis
1279 435 1402 503 colori·

110 554 172 620 bos
205 552 383 636 depingere
416 551 577 637 potuerit,
614 553 643 620 si
678 573 738 636 per
771 559 876 622 totam
906 552 1044 620 'l'raiaui
1074 558 1224 620 aetatem
1258 571 1401 636 prorsus

111 668 294 737 tacuisset?
332 667 443 753 Adde,
475 670 560 752 quod
582 670 687 737 multa
710 671 778 737 alia
802 672 945 754 obstant,
970 670 1141 751 quominus
1172 668 1401 737 Hadrianum

112 786 203 855 exilii
226 793 394 854 auctorem
418 786 602 853 credamus.
649 787 753 871 Nam,
777 785 902 854 utiam
925 787 1137 853 Hermannns
1160 791 1257 852 recte
1281 787 1399 853 obser·

111 904 221 988 ravit,
247 924 328 988 „nec
356 902 550 970 histrionem
573 903 738 986 novimus,
763 905 815 970 eui
842 908 971 971 tantum
999 902 1193 971 Hadrianus
1222 902 1397 986 tribuerit,

111 1026 149 1087 nt
171 1018 241 1087 einr
265 1022 377 1103 gratia
399 1020 547 1087 homiues
562 1020 605 1086 ad
622 1019 850 1104 praefecturas
873 1026 909 1085 et
931 1020 1119 1087 tribunatus
1135 1020 1309 1103 eveheret,
1335 1038 1398 1087 nec

111 1144 241 1219 poetam
265 1136 444 1205 verisimile
467 1142 533 1220 001,
564 1156 649 1218 qnae
671 1138 705 1203 in
729 1137 883 1204 Paridem
907 1136 1092 1203 Domitiani
1114 1137 1289 1217 aequalem
1316 1142 1396 1204 ante

112 1256 254 1341 triginta
269 1256 408 1338 amplius
432 1273 535 1321 annos
549 1254 700 1337 lusisset,
725 1272 858 1336 prorsus
875 1260 1004 1320 mutata
1019 1260 1202 1336 temporum
1216 1272 1397 1335 rerumque

112 1372 252 1439 emnium
269 1371 456 1439 conditione
473 1370 570 1438 senili
588 1370 679 1453 operi
697 1368 897 1437 inseruisse“
910 1365 943 1452 ¹).
973 1369 1099 1453 Quibus
1114 1369 1144 1435 si
1159 1370 1394 1454 adiungamus,

111 1486 152 1555 de
183 1488 291 1554 altera
320 1487 497 1554 satirarnm
528 1486 673 1554 editione
703 1485 911 1571 cogitandum
939 1505 1004 1553 non
1034 1481 1155 1570 esse2),
1187 1485 1272 1552 illud
1294 1486 1395 1553 nobis

111 1602 377 1685 probatissimum
394 1603 468 1686 erit,
492 1602 574 1669 nihil
590 1603 630 1668 de
646 1602 812 1668 Hadriani
832 1608 944 1669 aetate
960 1622 1019 1669 nos
1036 1607 1240 1684 compertum
1256 1603 1393 1686 habere,

111 1718 195 1802 rpuod
219 1725 412 1803 argumento
429 1737 584 1785 versuum
607 1718 739 1784 illorum
763 1718 962 1799 respondeat
974 1715 1012 1801 ³).
1060 1717 1212 1802 Accedit,
1237 1717 1329 1800 quod
1353 1718 1394 1786 de

110 1838 234 1902 famoso
258 1834 405 1902 Antinoo
429 1835 501 1917 1110,
526 1854 620 1917 quem
644 1833 822 1900 Teuffelius
844 1853 904 1915 pro
927 1833 1050 1900 Paride
1075 1832 1249 1900 substituit
1258 1827 1306 1917 ⁴),
1339 1853 1394 1900 ree

112 1952 263 2018 coniecta
295 1951 410 2018 baberi
446 1951 557 2033 debet3
598 1951 656 2018 ille
690 1950 776 2018 enim
812 1950 978 2017 Hadriani
1012 1949 1156 2016 amasius
1190 1948 1394 2016 histrionum

111 2072 222 2149 partes
245 2086 310 2134 non
334 2068 457 2151 agebat
479 2085 540 2134 000
558 2066 628 2149 1000
651 2067 846 2133 Hadrianus
869 2067 898 2133 is
921 2071 1003 2149 erat,
1029 2066 1083 2147 qui
1105 2064 1262 2132 histrioni
1287 2065 1395 2133 alieni

114 2203 328 2251 <concessurus
363 2190 468 2266 esset,
504 2188 542 2249 ut
574 2182 720 2267 negotiis
755 2182 894 2264 publicis
929 2202 964 2248 se
998 2181 1241 2248 intermisceret
1250 2175 1289 2263 ⁵).
1340 2183 1396 2251 De

114 2300 241 2383 l’ylnde
265 2320 343 2369 vero
377 2300 593 2383 pantomimo,
627 2317 721 2379 quem
745 2298 937 2380 Stampinus
972 2317 1013 2364 ex
1036 2296 1307 2379 inscriptionibus
1334 2317 1398 2381 pro

114 2415 299 2483 Domitiani
328 2417 449 2484 Paride
478 2416 685 2482 commendat
696 2412 739 2498 ⁸),
774 2415 807 2481 id
842 2416 946 2481 solum
982 2435 1022 2481 ex
1051 2415 1261 2482 Mommseuii
1292 2436 1400 2485 auno·

115 2532 296 2599 tutioribus
313 2532 470 2599 affirmari
491 2536 611 2614 potest,
636 2531 844 2597 Hadrianum
861 2551 932 2598 eum
950 2534 1182 2614 pantomimum
1211 2531 1398 2613 aliquando

119 2647 348 2715 manumisisse
359 2640 395 2728 ⁷).
451 2646 556 2731 Quam
591 2650 631 2714 ob
660 2667 729 2714 rem
759 2646 872 2730 miror,
915 2667 972 2714 cur
995 2647 1187 2730 Stampinus
1215 2648 1249 2713 id
1272 2666 1399 2717 nomen

114 2762 280 2839 attulerit,
315 2762 343 2828 si
373 2762 484 2845 paullo
512 2762 601 2831 inira
628 2763 713 2829 nihil
742 2762 824 2829 certi
851 2763 892 2829 de
921 2765 1069 2845 potentia
1097 2763 1236 2848 Pyladis
1265 2762 1396 2833 addere

113 2878 223 2961 001011
234 2876 259 2961 ⁸)
281 2878 570 2960 quaestionemque
587 2880 627 2946 de
644 2878 735 2945 exilii
752 2897 852 2945 eausa
869 2879 987 2962 „longe
1002 2876 1233 2946 incertiorem“
1250 2877 1395 2947 definire

113 3010 178 3060 non
207 2992 432 3075 dubitavitlii
470 2994 568 3062 Adde
599 2994 753 3077 denique,
787 2995 872 3076 quod
907 2994 961 3076 qui
995 3014 1078 3062 sana
1111 3001 1146 3062 et
1178 2993 1396 3063 considerata

114 3108 282 3177 iudicandi
306 3111 434 3178 ratione
457 3111 572 3196 utitur,
596 3112 693 3195 longe
717 3112 833 3190 aberit,
857 3117 894 3177 ut
913 3111 1120 3178 Hadrianum
1143 3109 1392 3192 praefecturam

115 3252 435 3264 n--un—-oe—n———n

220 3335 242 3402 ¹)
261 3336 304 3389 De
324 3338 375 3389 sat.
395 3338 465 3405 sept.
487 3338 570 3404 temp.
589 3350 615 3404 p.
635 3333 659 3387 6.

218 3425 241 3492 ²)
262 3424 301 3477 Gi.
325 3441 399 3495 supr.
419 3442 446 3495 p.
465 3422 580 3480 18-19.

218 3513 241 3581 1)
262 3514 301 3567 Gi.
321 3515 506 3584 Synnerberg,
524 3531 552 3583 0.
570 3513 613 3566 81.

216 3602 241 3671 ⁴)
261 3605 376 3658 Studien
394 3604 452 3657 und
471 3602 736 3671 Charakteristilren,
754 3618 780 3671 p.
799 3602 860 3654 412.

218 3694 241 3761 5)
261 3694 368 3764 Straelr,
386 3710 413 3764 p.
433 3694 468 3746 30
487 3694 576 3748 0182.
595 3722 630 3732 -
648 3692 781 3763 Francke,
800 3692 851 3745 Ex.
871 3694 931 3744 erit.
949 3709 977 3762 p.
996 3691 1057 3744 132.

215 3782 240 3850 ⁸)
259 3784 332 3840 Libr.
350 3783 424 3836 laud.
443 3801 469 3854 p.
488 3783 531 3835 45.

216 3870 240 3940 1)
259 3874 456 3944 inscriptiones
485 3871 589 3925 Galliae
618 3870 775 3942 Cisalpinae
803 3873 906 3925 latinae
932 3871 1019 3924 edidit
1045 3871 1096 3924 Th.
1123 3870 1292 3941 Mommsen,
1319 3888 1391 3943 paro

109 3965 255 4034 posterior,
274 3964 405 4032 Berolini,
423 3961 492 4014 1877
511 3962 547 4014 Μ
565 3961 644 4032 1153,
658 3979 685 4032 0.
704 3960 765 4015 889.

214 4052 238 4124 ⁸)
258 4054 322 4107 Loc.
341 4053 428 4106 laud:
449 4052 548 4118 „Quod
566 4053 591 4104 si
609 4051 741 4118 Pyladem
759 4052 838 4104 illum
858 4052 1017 4104 manumisi
1035 4051 1191 4104 Hadrianus
1216 4050 1390 4106 verisimilli-

110 4162 186 4198 mum
207 4144 296 4196 estid
319 4143 355 4196 ob
379 4142 517 4213 quaedam
539 4141 683 4194 histrionis
708 4144 808 4194 merita
832 4147 914 4210 atque
939 4142 1029 4194 oilieia
1051 4141 1154 4193 factum
1179 4154 1240 4192 esse
1264 4155 1391 4211 eumque

109 4235 213 4288 idcirco
231 4234 349 4303 principi
368 4247 463 4284 aarum
482 4232 577 4284 inisse.
616 4230 739 4284 00101100
761 4245 818 4282 rem
837 4228 867 4282 in
889 4228 975 4283 taedio
994 4228 1123 4297 relinquo,
1147 4227 1394 4296 premiorum

108 4326 215 4376 tunium
234 4321 357 4376 nititurf·

213 4410 237 4479 ⁹)
252 4412 330 4483 ibid,
347 4428 376 4482 p.
398 4409 440 4465 6³.
