2992 4808
681 1454 795 1529 VI.

285 1663 459 1775 Bionis
497 1663 633 1776 uitae
671 1665 919 1778 iuvenalis
956 1668 1203 1808 synopsis.

664 1913 821 1928 MNVVW

216 2066 283 2134 His
307 2067 464 2149 expositis
487 2068 552 2133 iam
568 2068 610 2134 ad
628 2068 723 2135 finem
746 2068 921 2149 perductas
944 2079 1022 2150 puto
1047 2070 1087 2136 de
1103 2069 1279 2136 iuvenalis
1303 2071 1375 2138 vita

111 2182 369 2250 observationes
415 2185 588 2265 Reliquum
621 2193 685 2267 est,
716 2191 753 2250 nt
780 2184 903 2250 additis
931 2184 1127 2251 necessariis
1150 2186 1276 2266 aliquot
1299 2207 1372 2269 sup-

109 2297 286 2379 plementis
300 2301 384 2365 hanc
399 2301 531 2366 breuem
555 2301 643 2367 vitae
656 2302 681 2367 J
683 2301 830 2367 nveroalis
847 2302 1001 2382 synopsin
1017 2320 1178 2382 exponere
1206 2321 1372 2370 conemur:

220 2416 283 2498 „D.
308 2416 333 2481 J
336 2416 429 2482 unius
456 2413 680 2504 iuvenalisl),
709 2415 856 2483 libertini
885 2416 1058 2499 locupletis
1081 2418 1255 2500 incertum,
1288 2419 1372 2484 filius

112 2550 157 2597 an
179 2530 343 2615 alumnuS,
367 2532 492 2613 Aquini
501 2528 542 2616 ²),
574 2533 608 2598 in
640 2533 757 2615 oppido
781 2533 989 2615 Volscorum,
1023 2533 1220 2614 temporibus
1244 2533 1373 2600 Claudii

111 2647 321 2728 imperatoris
355 2647 444 2714 circa
478 2667 551 2714 ann.
584 2650 725 2718 XLVII
758 2655 856 2715 natus
891 2656 949 2716 est.
1008 2649 1089 2715 (lum
1124 2670 1164 2715 ex
1198 2650 1373 2733 municipio

109 2764 251 2830 Romam
275 2783 310 2829 se
334 2764 525 2829 contulisset
541 2771 574 2831 et
590 2766 631 2831 ad
654 2764 848 2848 dignitatem
872 2765 1031 2845 equestris
1056 2765 1177 2830 ordinis
1201 2767 1374 2847 pervenire

110 2896 173 2944 sua
195 2877 318 2946 virtute
353 2881 538 2962 meruisset,
574 2881 616 2945 ad
647 2880 786 2946 mediam
820 2881 890 2946 fere
919 2886 1061 2946 aetatem
1091 2881 1288 2949 declamavit
1310 2902 1375 2948 non

113 2992 269 3059 mediocri
291 2993 388 3077 fama,
413 2996 469 3061 sed
493 2997 591 3062 animi
614 2995 719 3075 magis
744 3015 851 3078 causa,
877 3015 972 3077 quam
996 2997 1080 3077 quod
1104 2998 1235 3063 scholae
1259 3017 1294 3064 se
1317 3005 1376 3063 aut

113 3107 185 3174 foro
217 3117 442 3192 praepararet.
493 3111 594 3177 Initio
627 3112 811 3178 Domitiani
848 3112 1051 3194 principatus
1086 3114 1128 3179 ad
1158 3111 1309 3194 poeticen
1339 3132 1375 3178 se

117 3223 298 3305 applicavit
321 3233 354 3292 et
377 3226 410 3291 in
434 3227 587 3294 Paridem
613 3229 856 3311 pantomimum,
882 3229 992 3309 quiin
1016 3228 1143 3294 deliciis
1167 3229 1253 3310 apud
1276 3228 1375 3310 impe·

111 3346 257 3407 ratonem
280 3343 474 3425 habebatur,
503 3362 618 3409 versus
643 3345 795 3425 quosdam
819 3363 882 3410 non
906 3345 1045 3410 absurde
1079 3345 1273 3427 composuit,
1298 3363 1376 3423 quos

113 3455 232 3522 deinde
247 3458 387 3524 insenuit
402 3459 436 3524 in
452 3479 523 3525 eam
539 3460 687 3526 satiram:
713 3462 781 3543 „Et
801 3479 875 3541 spes
896 3467 931 3526 et
945 3457 1062 3527 ratio.“
1102 3461 1187 3527 Sunt
1203 3464 1310 3526 autem
1327 3458 1375 3523 hi:

328 3571 424 3636 „Quod
441 3587 497 3624 non
517 3573 583 3624 dant
600 3588 737 3642 proceres,
757 3573 832 3625 dabit
850 3573 961 3626 histrio:
981 3578 1011 3624 tu
1031 3571 1189 3625 Camerinos

325 3661 361 3711 Et
379 3661 504 3730 Baream,
522 3666 554 3712 tu
571 3661 708 3714 nobilium
727 3678 828 3730 magna
847 3665 917 3714 atria
935 3665 1033 3714 curas?

326 3749 483 3802 Praefectos
501 3750 621 3820 Pelopea
638 3752 712 3820 facit,
730 3751 883 3804 Philomela
900 3751 1051 3804 tribunos.“

114 3848 178 3934 Qui
194 3869 310 3917 versus
328 3852 464 3932 primum
488 3871 584 3917 aures
604 3853 811 3934 imperatoris
827 3853 1004 3918 latuerunt.
1044 3850 1126 3918 Cum
1142 3856 1250 3918 autem
1268 3851 1374 3917 Domi·

111 4014 272 4022 ————·——-

226 4097 249 4165 ¹)
267 4098 410 4151 iuvenalis
431 4113 583 4167 cognomen
604 4097 731 4163 „Gallus“
752 4101 808 4168 (ap.
822 4098 913 4150 Schol.
933 4099 968 4150 ad
986 4099 1042 4151 Sat.
1061 4098 1081 4167 I,
1100 4099 1139 4167 1),
1159 4098 1192 4150 olo
1212 4113 1266 4167 quo
1291 4099 1379 4150 Stam-

113 4187 197 4254 pinus
218 4187 249 4253 (l.
267 4188 286 4239 l.
304 4204 331 4257 p.
345 4187 380 4239 10
392 4203 455 4242 ann.
479 4187 509 4254 2)
529 4188 653 4240 dubitare
666 4188 782 4256 videtur,
800 4192 875 4240 recte
888 4188 1037 4257 explicavit
1048 4187 1177 4239 Matthias
1197 4187 1252 4252 (De
1267 4187 1379 4239 scholiis

113 4274 313 4346 Juvenalianio,
331 4293 358 4346 p.
377 4276 393 4328 9
413 4279 467 4344 sq.)

223 4365 246 4432 ¹)
264 4366 296 4418 In
314 4367 360 4418 via
377 4367 483 4434 Latino,
496 4367 568 4417 inter
580 4366 767 4420 Fabrateriam
781 4370 808 4417 et
823 4364 952 4417 Casinum
972 4368 1058 4430 (nonno
1076 4364 1210 4432 Aquino).
1248 4364 1309 4416 Vid.
1323 4362 1377 4417 (lic.

120 4453 156 4505 sd
175 4453 259 4507 Attic.
280 4454 310 4524 V,
330 4455 355 4506 1.
391 4455 460 4507 Phil.
480 4455 514 4525 ll,
534 4472 556 4508 c.
576 4455 619 4510 41.
656 4457 716 4510 Liv.
733 4454 880 4528 xitius.
912 4449 1321 4515 nnuhtstmmnxnss.

1208 4551 1228 4582 ’k
