2992 4808
724 171 765 230 26

109 378 340 463 investigandi,
354 377 471 461 quibus
483 397 568 444 nuuc
583 378 729 446 homiues
742 379 830 446 docti
843 379 1018 460 excellunt,
1032 376 1158 458 antiqui
1168 378 1380 462 scholiastae,

113 495 329 580 grammatici,
353 495 553 577 interpretes
582 495 711 562 omnino
734 495 889 578 propensi
911 513 976 560 non
999 500 1103 559 erant.
1161 492 1225 577 Qui
1248 493 1381 574 quidem

110 631 182 679 curn
217 630 278 678 nec
312 611 553 693 interpretandi
591 611 802 681 iudicandive
837 618 909 678 arte
947 629 1052 693 neque
1092 610 1229 676 aliarum
1267 629 1379 676 rerum

111 727 295 812 cognitione
320 747 448 809 semper
470 732 627 809 quantum
646 746 726 810 opus
750 734 838 795 esset
853 728 1014 809 valerent,
1038 745 1197 809 persaepe
1213 726 1379 791 nominum

110 845 270 910 clarorum
293 843 440 912 virorum
463 843 690 926 factorumque
714 863 825 910 eorum
850 844 973 911 nullam
996 843 1156 910 rationem
1180 829 1378 907 habuerunt.

109 961 204 1026 Haec
227 959 262 1026 in
285 959 510 1042 quaestionem
534 961 575 1026 de
589 960 766 1027 Juvenalis
789 979 873 1026 anno
897 959 1001 1026 natali
1026 959 1143 1026 cadere
1167 956 1378 1023 manifestum

109 1080 170 1142 est.
211 1074 302 1159 Quae
326 1075 484 1157 imprimis
501 1077 711 1157 comprobant
728 1077 863 1156 antiqua
878 1075 902 1140 J
905 1074 1056 1140 uvenalis
1080 1073 1213 1156 scholia,
1237 1072 1378 1153 primum

111 1211 132 1257 a
154 1189 320 1274 Oramem,
344 1209 449 1272 nuper
478 1192 519 1257 ab
543 1192 568 1257 J
570 1191 667 1257 ahuio
692 1192 791 1275 edita,
820 1193 854 1259 in
878 1192 993 1273 quibus
1015 1210 1057 1256 ne
1081 1188 1225 1272 vestigia
1248 1187 1379 1269 quidem

108 1307 271 1373 nominum
297 1306 419 1373 Fontei
458 1312 493 1372 et
511 1307 613 1373 Junci
644 1308 821 1391 consulum,
860 1326 940 1389 quos
978 1325 1078 1388 supra
1115 1303 1378 1386 memoravimus

108 1422 231 1489 insunt.
277 1422 384 1491 Vetus
412 1428 657 1507 commentator,
693 1443 764 1489 cum
792 1425 915 1490 scholia
944 1428 1152 1504 componeret
1182 1427 1250 1488 tam
1273 1440 1378 1502 aequo

110 1537 217 1603 animo
255 1539 336 1604 haec
373 1538 504 1605 nomina
538 1538 572 1604 in
609 1538 722 1606 satiris
758 1541 879 1623 legisse
917 1539 1056 1611 videtur,
1100 1557 1196 1621 quam
1234 1536 1263 1602 si
1300 1542 1380 1603 ante

111 1656 221 1722 oculos
244 1656 405 1737 quendam
429 1655 607 1741 Allediun,
643 1656 864 1723 Peribomium
875 1651 898 1733 ¹)
933 1655 987 1724 vel
1016 1652 1163 1736 quemvis
1192 1653 1300 1735 alium,
1336 1652 1379 1718 de

113 1773 230 1854 quibus
264 1772 347 1839 nihil
385 1777 519 1855 praeter
556 1773 688 1839 nomina
723 1780 774 1841 est
811 1771 979 1855 traditum,
1018 1772 1164 1837 haberet.
1225 1766 1382 1850 Apparet

110 1888 222 1972 igitur,
253 1906 314 1955 nec
337 1889 461 1956 satirae
485 1910 545 1957 nec
573 1891 698 1958 scholia
727 1890 898 1972 quicquam
921 1889 1013 1955 vitae
1042 1885 1170 1953 auctori
1194 1885 1236 1951 ad
1258 1904 1379 1950 aunum

113 2009 232 2086 poetae
256 2005 400 2072 natalem
424 2007 640 2073 definiendum
670 2010 828 2088 praebere
862 2006 1016 2088 potuisse.
1074 2001 1185 2084 Ipsius
1220 2019 1380 2066 commen-

111 2121 231 2186 tatoris
255 2119 294 2184 de
322 2121 383 2187 hac
411 2141 448 2187 re
478 2121 758 2207 ratiocinationes,
789 2121 817 2189 si
846 2124 980 2188 verbum
1005 2117 1189 2202 ,‚Ncroois“
1212 2115 1378 2198 posterius

111 2235 145 2301 in
169 2236 317 2320 margine
340 2237 540 2319 adscriptum
551 2233 577 2320 ²)
613 2237 769 2321 excipias
805 2239 884 2305 item
908 2238 964 2304 vix
999 2234 1179 2303 audiendae
1210 2232 1377 2300 videntur.

111 2352 231 2434 itaque
255 2357 369 2435 restat,
395 2359 431 2418 ut
453 2355 556 2419 verba
583 2354 793 2436 „temporibus
818 2353 970 2419 ememor
993 2372 1011 2418 e
1035 2350 1174 2432 quodam
1194 2346 1378 2416 vetustiore

113 2467 213 2550 sonte,
239 2467 330 2534 cuius
353 2467 498 2551 vestigia
531 2469 564 2535 in
600 2469 747 2536 omnibus
781 2468 851 2535 fere
874 2469 952 2535 vitis
972 2468 1224 2552 perspiciuntur,
1259 2465 1379 2529 hausta

113 2583 302 2651 iudicemus
349 2582 402 2649 Ac
425 2585 465 2650 de
487 2585 594 2652 natali
618 2584 746 2667 quidem
769 2585 795 2650 J
796 2585 945 2653 uvenalis
969 2587 1136 2653 hactenus.

219 2849 243 2916 ¹)
270 2849 331 2901 Juv.
351 2849 407 2903 Sat.
427 2848 514 2919 11,16
533 2853 560 2902 et
578 2849 611 2918 V,
630 2848 671 2900 18.

219 2938 243 3006 ²)
271 2937 309 2991 Of.
330 2938 513 3008 Synnerberg,
531 2939 549 2990 l.
568 2939 587 2991 l.
605 2955 631 3008 p.
650 2938 764 2992 17-19.
