2992 4808
733 226 772 286 56

649 309 861 319 ——-——--

121 432 212 501 exilii
234 434 388 500 famame
404 431 520 515 quinta
543 433 669 501 decima
691 433 797 500 satira
812 438 919 500 ortam
943 450 1016 499 esse
1031 432 1207 500 affirmant.
1248 429 1304 499 At
1319 438 1402 499 sunt

121 551 175 632 qui
197 551 282 617 hanc
305 570 372 616 rem
397 569 415 616 e
439 549 578 635 singulis
602 550 730 632 antiqui
757 549 956 616 scholiastae
984 548 1321 631 interpretationibus
1344 547 1401 616 de·

120 674 304 750 promptam
337 666 482 734 credant.
543 666 594 734 At
615 687 680 734 non
712 673 816 734 recte:
854 667 941 733 Nam
976 666 1114 748 primum
1151 665 1279 732 scholia
1303 665 1398 748 vitis,

122 801 205 864 quae
231 801 317 849 nunc
351 787 501 867 exstant,
543 783 672 850 iuniore
705 802 778 850 esse
812 782 1072 849 demonstratum
1107 776 1207 865 est¹);
1254 786 1327 848 tum
1354 782 1400 849 ad

122 917 208 966 vers.
232 902 286 982 45,
310 897 366 980 qui
381 903 494 964 tantas
510 897 604 965 exilii
626 898 826 980 suspiciones
849 899 961 982 movit,
985 899 1077 964 nulla
1100 901 1235 964 exstant
1257 897 1398 964 scholiis.

121 1012 204 1080 Alia
232 1033 310 1081 vero
340 1013 374 1079 in
404 1013 518 1082 satiris
549 1014 686 1098 indicia,
722 1016 764 1082 ad
798 1014 988 1100 Aegyptum
1023 1012 1239 1097 pertinentia,
1268 1013 1398 1079 nullam

121 1129 270 1212 proiecto
298 1149 431 1198 causam
460 1131 552 1198 exilii
584 1131 792 1216 excogitandi
819 1132 977 1213 praebere
1005 1129 1153 1213 potuisse
1182 1126 1397 1196 manifestum

123 1243 219 1329 esc2).
264 1247 299 1314 N
301 1266 337 1313 eo
364 1247 467 1329 ipsius
490 1248 515 1314 J
517 1247 667 1315 uvenalis
699 1248 740 1314 de
762 1248 825 1314 hac
847 1268 884 1314 re
907 1246 1073 1314 silentium
1098 1246 1271 1327 quicquam
1294 1243 1398 1311 offen·

122 1364 223 1431 sionis
246 1382 377 1430 movere
400 1367 520 1444 potest.
567 1363 660 1449 Quae
682 1384 737 1431 res
759 1364 861 1431 inerit
882 1362 1006 1430 silentii
1033 1380 1133 1428 causa
1161 1361 1233 1443 quis
1263 1361 1397 1444 estqui

115 1459 287 1548 'affirmare
303 1480 408 1548 velit?
430 1480 465 1547 N
466 1499 520 1546 nm
543 1481 674 1547 tandem
693 1478 807 1547 mirari
823 1479 986 1563 debemus,
1003 1479 1180 1546 satirarum
1197 1479 1397 1560 scriptorem

124 1617 163 1665 ea
190 1595 321 1664 silentio
357 1597 570 1680 praeterisse,
607 1617 691 1680 quae
717 1596 783 1679 ipsi
811 1596 945 1680 ingrata
973 1603 1008 1663 et
1034 1596 1176 1663 molesta
1202 1595 1277 1662 aliis
1315 1614 1398 1662 vcro

126 1711 309 1795 suspiciosa
331 1731 404 1779 esse
427 1712 620 1794 potuerint?
658 1715 782 1783 Verum
806 1712 890 1779 addo
912 1711 995 1778 illud
1018 1711 1134 1795 etiam,
1158 1710 1243 1794 quod
1265 1711 1299 1778 in
1326 1731 1400 1778 car-

123 1828 263 1896 minibus
284 1829 309 1895 J
311 1829 460 1896 uvenalis
482 1826 602 1912 ¹potius
629 1830 670 1896 de
700 1829 836 1896 aliorum
864 1831 962 1896 rebus
997 1848 1094 1910 quam
1129 1827 1170 1895 de
1199 1828 1268 1894 suis
1302 1826 1399 1908 loqui

124 1945 218 2012 solet.
265 1944 327 2012 Oui
355 1945 404 2012 rei
436 1945 632 2030 gravissimo
656 1945 850 2013 documento
877 1945 1043 2013 silentium
1067 1945 1107 2011 de
1131 1943 1295 2012 Martiale
1321 1962 1400 2011 esse

123 2066 244 2145 potest,
269 2081 362 2144 quem
385 2067 485 2144 poeta
507 2061 540 2129 in
564 2061 678 2129 satiris
700 2082 742 2130 ne
764 2064 866 2128 verbo
890 2061 1019 2144 quridem
1043 2059 1165 2142 tetigit.
1212 2060 1277 2127 His
1294 2058 1401 2127 omni·

124 2179 185 2243 bus
218 2177 397 2261 reputatis,
433 2197 497 2245 non
532 2183 585 2244 est
618 2178 704 2260 qnod
732 2178 932 2261 dubitemus,
963 2176 1045 2259 quin
1077 2176 1170 2243 exilii
1192 2176 1402 2260 Aegyptiaci

125 2293 213 2360 fama
243 2293 319 2360 inde
348 2296 388 2360 ab
412 2294 647 2376 antiquissimis
678 2295 879 2377 temporibus
908 2292 1034 2360 tradita
1063 2293 1118 2360 sit.
1165 2292 1231 2360 Sed
1259 2293 1308 2359 ita
1333 2312 1403 2360 non

126 2429 187 2493 ego
210 2410 334 2493 primus
357 2409 475 2478 iudico.
522 2410 679 2492 Amplexi
694 2418 771 2478 sunt
785 2412 870 2478 hanc
892 2410 1100 2493 sententiam,
1124 2427 1166 2475 ne
1189 2408 1288 2476 altius
1303 2428 1402 2492 repe·

126 2533 204 2610 tam,
221 2545 332 2593 omnes
347 2526 417 2593 fere
432 2527 644 2610 recentiores,
667 2533 705 2594 nt
720 2523 980 2609 Heinrichius³),
1005 2518 1230 2608 Weberius⁴),
1253 2523 1401 2593 Voclke·

126 2639 246 2727 rius⁵),
277 2639 496 2727 Widalius⁶),
528 2637 775 2728 Weidnerusss,
811 2639 1054 2727 Hilgersius⁸)‚
1089 2639 1402 2727 Synncrbergius⁹),

127 2755 369 2843 scampinusw)
393 2758 463 2827 alii.
509 2758 617 2844 Adde,
642 2759 727 2843 quod
743 2759 819 2826 hnic
835 2759 1006 2826 consensui
1030 2765 1125 2826 tanta
1147 2758 1236 2826 inest
1257 2760 1402 2826 auctori·

128 2880 182 2942 tas
211 2880 249 2942 ut
275 2874 347 2957 ipse
362 2875 579 2960 Ribbeckius,
608 2877 678 2961 qui,
707 2894 901 2959 quamquam
929 2894 987 2941 sex
1017 2876 1139 2942 satims
1155 2876 1180 2942 J
1182 2874 1402 2943 uvenalianas

128 2991 315 3072 suppositas
352 2990 526 3075 iudicavit,
575 2992 615 3058 de
654 2991 792 3074 antiqua
835 2990 928 3058 exilii
965 2990 1168 3076 Aegyptiaci
1206 2989 1401 3058 narratione

128 3368 162 3379 -
180 3338 318 3408 Weidner,
338 3337 374 3391 ad
392 3338 449 3391 Sat.
467 3338 527 3408 XV,
545 3338 595 3391 45:
626 3339 744 3406 ,danaus
763 3339 841 3408 lolgt,
861 3339 925 3392 dass
942 3338 1060 3391 duvenal
1078 3339 1180 3392 einmal
1203 3340 1234 3392 in
1251 3338 1402 3410 Aegypton

128 3443 257 3498 gewesen
276 3429 322 3498 ist,
345 3427 422 3480 nicht
441 3428 520 3499 aber,
544 3428 609 3481 dass
629 3444 659 3482 er
677 3429 731 3482 den
749 3428 916 3498 Schauplata
935 3428 983 3481 der
1000 3427 1061 3480 hier
1079 3429 1241 3482 erwithnten
1258 3429 1403 3499 Begeben-

127 3517 185 3570 heit
203 3533 294 3588 genau
311 3517 421 3570 kennen
438 3520 570 3571 musste.“

236 3605 259 3673 ¹)
278 3604 318 3661 (li.
338 3621 412 3676 supr.
430 3623 457 3676 p.
475 3606 510 3658 42
529 3610 558 3659 et
575 3622 639 3660 ann.
658 3606 683 3659 2.

237 3695 261 3764 ²)
280 3695 338 3754 Sat.
356 3695 403 3766 vl,
421 3696 482 3748 527.
520 3694 560 3749 Of.
579 3695 636 3750 Sat.
654 3695 676 3768 1,
694 3694 738 3750 26.
757 3695 817 3750 130.

234 3783 504 3856 ἣῂλῌμω

233 3872 259 3941 ⁴)
277 3875 330 3928 Die
349 3874 465 3944 Satiren,
483 3892 510 3945 p.
529 3874 580 3927 227
601 3890 641 3943 sq.

235 3964 260 4030 ⁵)
278 3964 306 4016 1..
325 3964 344 4017 1.
362 3981 389 4034 p.
408 3963 460 4016 102
480 3980 522 4034 sq.
540 3962 601 4017 1os.

234 4051 260 4120 ⁶)
278 4055 307 4107 L.
325 4053 344 4105 l.
363 4070 389 4123 p.
409 4053 482 4107 XIII.

235 4140 260 4210 ⁷)
278 4144 307 4195 L.
325 4143 344 4199 l.
362 4143 473 4197 Einleit.
492 4147 506 4209 §
524 4143 567 4195 21.

235 4230 261 4299 ⁸)
278 4232 396 4286 Juvenal
413 4234 442 4285 in
461 4232 613 4286 deutschen
630 4231 756 4302 damben,
775 4231 894 4303 Ieipaig,
912 4231 991 4288 1876.
1021 4233 1093 4286 Einl.
1112 4249 1139 4302 p.
1157 4232 1230 4287 XIII.

235 4319 261 4388 ⁹)
278 4322 307 4376 Ia.
325 4322 344 4375 1.
362 4339 390 4392 p.
407 4321 443 4374 43
461 4337 503 4391 sq.

226 4407 261 4476 ¹9
274 4411 305 4466 1..
322 4410 342 4464 l.
357 4427 388 4484 p.
407 4410 443 4464 52
461 4425 503 4484 sp.
