2992 4808
724 297 761 356 al

112 506 248 575 decoxit
260 502 285 590 ¹)
309 505 413 591 eique,
438 506 507 573 sine
531 506 637 590 dubio,
662 506 748 573 haud
770 506 883 573 multis
906 505 1001 572 annis
1016 510 1184 586 superstes
1205 501 1314 589 fuit2),
1344 511 1379 572 et

112 624 253 708 aurigae
275 623 446 690 Lacernae
468 624 522 691 vel
545 623 709 690 Lacertae
719 620 755 706 ³),
791 622 857 706 qui,
888 623 916 689 si
939 623 1046 689 veteri
1074 621 1271 689 scholiastae
1298 622 1377 688 fides

112 740 273 824 habenda,
297 738 410 806 eodem
433 746 578 822 tempore
601 744 700 806 notus
726 738 791 806 fuit
802 731 840 818 ⁴).
889 737 994 821 Adde,
1030 738 1115 819 quod
1148 744 1303 804 externae
1326 757 1377 804 ra·

112 858 219 923 tiones
243 875 281 922 eo
304 855 437 939 ducunt,
467 859 504 921 ut
528 855 704 922 Traianum
728 855 936 922 aJuveuale
959 856 993 921 iu
1017 855 1123 922 satira
1145 855 1287 937 septima
1309 856 1377 922 lau·

113 973 207 1040 dibus
243 980 436 1038 exornatum
475 970 714 1038 concludamus
772 969 858 1056 Quid
893 971 1002 1038 enim?
1044 971 1132 1038 Num
1174 975 1376 1054 „temporum

113 1083 295 1155 saevitiac“
308 1084 335 1171 ⁵)
368 1107 489 1153 memor
512 1088 696 1172 Juvenalis,
722 1107 795 1154 eum
817 1087 1006 1172 principem,
1036 1089 1095 1152 sub
1119 1105 1181 1168 quo
1205 1086 1377 1170 „spiritum

113 1210 148 1271 et
170 1204 362 1287 sauguinem
386 1209 421 1269 et
443 1206 583 1287 patriam
606 1208 800 1287 receperunt
823 1200 955 1270 studia“
969 1201 1006 1287 6),
1039 1203 1170 1270 silentio
1194 1202 1376 1285 praeterire

114 1321 245 1403 potnit?
290 1317 355 1404 Qui
379 1321 506 1402 quidem
529 1321 681 1402 princeps
704 1320 752 1387 ita
775 1339 840 1404 eoo,
868 1320 922 1402 qui
945 1319 1066 1386 litteris
1089 1339 1221 1400 operam
1244 1320 1375 1405 dabant,

115 1436 242 1504 adiuuit
264 1442 299 1502 et
321 1437 518 1521 sublevavit,
542 1443 579 1503 ut
601 1436 826 1504 tristissimam
850 1436 1036 1502 litterarum
1060 1434 1235 1518 imaginem
1257 1434 1293 1501 in
1314 1436 1376 1502 hac

104 1551 218 1618 satira
241 1572 429 1635 expressam
457 1554 491 1619 in
519 1557 666 1634 tempora
690 1554 758 1619 eius
786 1553 904 1619 cadere
935 1552 1123 1619 existimare
1145 1550 1278 1617 minime
1301 1570 1375 1617 con·

113 1675 304 1736 sentaneum
327 1670 371 1735 sit
380 1663 415 1746 ⁷).
462 1671 566 1736 Recte
588 1669 692 1751 igitur
714 1669 916 1751 Stampinus:
957 1668 1099 1753 „iniuste
1122 1674 1232 1734 tamen
1255 1667 1374 1735 fecisse

111 1784 298 1869 Juvenalis,
323 1787 352 1852 si
368 1784 505 1853 Traiani
522 1805 655 1868 prorsus
672 1787 793 1852 oblitus
809 1785 1017 1852 Hadrianum
1041 1783 1192 1852 laudibus
1216 1785 1374 1851 extollere

112 1902 272 1968 voluisset
294 1901 379 1984 quod

300 2033 393 2098 „eolus
413 2072 419 2086 .
439 2073 445 2084 .
466 2073 472 2085 .
492 2073 498 2085 .
517 2034 610 2085 tristes
629 2033 682 2085 hac
700 2036 864 2102 tempestate
883 2031 1017 2084 Camenas
1036 2033 1184 2102 respexit¹⁴

219 2151 305 2218 Illud
329 2152 415 2219 enim
436 2153 530 2234 solas,
564 2152 593 2219 si
616 2152 823 2218 Hadrianum
852 2151 1060 2219 aJuveuale
1090 2151 1244 2218 hocloco
1269 2151 1375 2218 solum

112 2267 280 2334 laudatum
302 2275 462 2356 putemus,
486 2268 562 2352 quid
585 2268 760 2354 significat,
783 2269 848 2336 nisi
871 2288 990 2352 omnes
1015 2268 1070 2350 qui
1094 2274 1173 2335 ante
1194 2288 1265 2335 eum
1290 2288 1374 2336 sum-

111 2403 197 2450 mam
227 2386 356 2467 imperii
386 2385 606 2453 obtinuissent
639 2386 808 2468 ipsumque
824 2385 1001 2453 Traianum
1027 2386 1067 2451 ‹le
1090 2386 1213 2453 litteris
1229 2385 1374 2453 colendis

111 2500 369 2582 honorandisque
401 2502 532 2568 minime
562 2498 790 2585 cogitasse“⁸).
847 2502 1037 2586 Praeterea,
1073 2501 1124 2585 „si
1146 2501 1201 2568 vel
1233 2501 1373 2568 maxime

115 2618 326 2684 concedamus
353 2618 573 2685 liberaliorem
601 2618 809 2685 Hadrianum
837 2617 948 2702 fuisse,
980 2617 1044 2699 ipsi
1072 2618 1146 2684 huic
1179 2618 1374 2685 liberalitati

114 2751 178 2800 non
194 2734 393 2816 respondent
408 2735 532 2819 laudes,
557 2753 637 2816 quas
659 2734 820 2801 neminem
836 2733 943 2818 fugiet
958 2733 1146 2815 neutiquam
1161 2738 1273 2800 tantas
1290 2753 1372 2818 esse,

113 2857 256 2930 quantae
279 2851 450 2917 Hadriano
474 2855 509 2914 et
532 2851 734 2917 debebantur
757 2859 792 2918 et
821 2851 891 2918 sine
914 2851 1010 2917 dubio
1038 2852 1080 2917 ab
1103 2853 1293 2933 aequalibus
1316 2853 1375 2918 im·

113 2966 255 3047 pertitae
279 2972 362 3050 sunt,
388 2967 446 3032 sed
469 2965 552 3032 satis
571 2967 715 3034 modicas
739 2974 773 3034 et
794 2972 832 3033 ut
848 2965 970 3034 Graeci
993 2965 1087 3033 aiunt
1109 2973 1160 3031 τοῦ
1184 2969 1374 3053 ἀφοσιοῦσθαι

116 3081 199 3146 ἕνεκα
233 3083 439 3165 praemissas,
474 3101 516 3147 ne
550 3084 710 3149 communi
745 3085 885 3151 omnium
919 3083 1170 3165 reprehensione
1198 3084 1373 3152 Caesarem

116 3214 250 3282 quoque,
268 3198 358 3264 cuius
369 3196 519 3266 laedendi
533 3218 649 3265 causas
661 3200 775 3281 procul
785 3200 937 3284 habebat,
955 3199 1127 3283 complecti
1139 3197 1327 3267 videretur“
1338 3196 1374 3284 ⁰).

114 3309 208 3397 Quae
232 3317 304 3380 c'um
326 3313 376 3380 ita
399 3316 474 3398 sint,
508 3335 572 3383 non
596 3315 792 3399 dubitamus,
828 3316 905 3396 quin
928 3316 1102 3384 Juvenalis
1131 3316 1174 3382 ad
1198 3317 1375 3384 Traianum

224 3588 245 3655 ¹)
265 3588 320 3643 Sat.
339 3588 398 3658 Vll,
417 3586 477 3642 129.

222 3677 246 3743 2)
265 3678 381 3731 Uberius
412 3679 445 3730 do
463 3678 593 3731 Mathone
611 3679 640 3730 in
658 3679 720 3732 libr.
752 3694 814 3732 meo
844 3677 971 3748 ,llepxas
990 3695 1091 3748 carnpa
1109 3678 1271 3748 lOneuaua“,
1297 3680 1376 3748 Pura,

117 3765 185 3818 1875
203 3784 230 3836 p.
249 3766 354 3820 98-99
373 3769 517 3837 disputavi.

223 3854 246 3923 ³)
266 3857 322 3910 Sat.
341 3857 399 3925 VH,
418 3857 478 3908 114.

222 3943 247 4012 ⁴)
267 3946 357 3999 Schol.
377 3963 419 4015 ap.
438 3945 517 3998 Jahn.
536 3963 563 4015 p.
582 3945 647 3998 283:
669 3952 810 4013 „russatus
830 3948 943 4000 Lacerta
961 3947 1012 4000 snb
1030 3947 1190 4000 Domitiano
1206 3948 1302 4016 auriga
1318 3948 1378 4018 fuit,

116 4039 148 4085 ut
165 4034 272 4087 Probus
292 4036 355 4086 ait.“
394 4033 514 4102 Cramer,
532 4034 564 4086 In
583 4040 633 4088 sat.
652 4035 714 4088 Juv.
733 4041 877 4093 comment.
892 4038 1003 4107 vetusti,
1020 4054 1047 4107 p.
1067 4036 1127 4089 290.

223 4123 233 4157 ⁵
266 4123 328 4176 Juv.
348 4124 403 4176 Sat.
422 4123 469 4192 IV,
488 4123 548 4175 151.

266 4213 336 4265 Plin.
354 4213 455 4282 Paneg.
476 4229 498 4264 c.
516 4212 560 4265 47.

224 4299 234 4331 ⁷
268 4301 450 4372 Synuerbcrg,
468 4319 495 4371 p.
515 4302 556 4357 74.

224 4388 248 4457 ⁸)
268 4390 411 4461 Stampini,
429 4408 455 4461 p.
475 4391 517 4442 35.

224 4476 248 4547 ⁹)
269 4478 297 4532 (l.
315 4479 360 4532 Fr.
378 4480 525 4551 Hermann,
543 4481 586 4533 Do
604 4481 660 4534 Sat.
680 4487 749 4551 sept.
768 4485 850 4550 temp.
869 4497 896 4550 p.
915 4481 958 4534 19.
