2992 4808
642 165 852 256 -..AL

114 376 233 456 Itaque
255 391 297 439 11
319 372 482 439 incassum
498 372 668 453 disputare
684 372 862 454 videamur,
886 371 1067 436 Domitiani
1083 370 1228 454 primum
1250 375 1384 436 11111111

116 488 347 557 examinemus.

223 605 287 671 &ab
301 604 487 670 Domitiano
504 601 662 687 (al—96)
678 603 897 688 quadraginta
913 622 1014 670 annos
1029 603 1055 668 J
1056 602 1205 671 uvenalis
1221 603 1382 685 explevit.

116 721 252 788 Claudio
276 730 311 787 et
333 720 460 787 Neroni
483 724 650 802 superstes
667 724 804 785 cruenta
824 720 912 786 bella
935 721 1023 786 iuter
1039 718 1189 802 Galbam,
1205 717 1381 801 Othonem,

114 836 286 904 Vitellium
302 837 374 903 vita
390 835 570 918 superavit.
594 835 792 917 Vespasiani
813 842 848 902 et
863 837 932 902 ’,1111
954 837 1165 918 temporibus,
1190 834 1265 900 dum
1282 852 1383 917 popu·

113 954 165 1020 lus
194 973 235 1020 ex
261 971 381 1035 magua
408 952 655 1035 perturbatione
679 951 857 1019 animorum
882 957 917 1018 11
939 970 1047 1017 rerum
1070 952 1214 1033 requiem
1238 951 1380 1034 quaerit,

114 1069 305 1152 luvenalis,
336 1069 392 1149 qui
418 1088 477 1151 per
504 1067 644 1150 triginta
672 1068 741 1134 fere
768 1087 870 1135 annos
898 1074 1030 1134 ruentes
1053 1069 1087 1134 in
1109 1068 1201 1149 peius
1225 1067 1381 1150 antiquos

37 1206 40 1214 ¹
113 1184 263 1252 civitatis
286 1204 393 1251 mores
416 1184 711 1265 animadvertebat,
738 1184 826 1252 vires
850 1183 974 1269 ingenii
997 1184 1031 1249 in
1055 1203 1153 1250 unum
1178 1182 1380 1267 conferebat,

114 1300 236 1384 omnia,
271 1320 354 1384 quae
387 1300 518 1367 viderat
552 1319 718 1382 quaequae
757 1308 920 1385 senserat,
956 1301 1027 1383 ipse
1059 1321 1167 1369 secum
1201 1302 1382 1382 reputabat

114 1418 283 1499 animoque
306 1419 397 1500 haec,
422 1422 460 1482 ut
475 1415 546 1498 ipse
562 1416 621 1500 ait,
646 1429 722 1483 ante
740 1419 836 1483 tubas
860 1418 1033 1485 volutabat
1043 1412 1066 1501 ¹)
1089 1435 1150 1483 nec
1166 1417 1257 1498 prius
1272 1417 1381 1497 plicas

113 1534 259 1602 velorum
282 1535 430 1617 integras
454 1528 656 1616 explicuit2),
681 1550 776 1614 quam
800 1552 893 1599 omne
916 1534 1038 1600 crimen
1061 1535 1095 1600 11
1118 1532 1220 1600 arduo
1236 1533 1380 1613 positum

113 1647 452 1733 animadvertissem).
498 1651 538 1715 In
562 1648 739 1716 iuvenilem
767 1649 909 1715 animum
939 1651 1006 1717 alte
1036 1650 1251 1716 descenderat
1272 1647 1381 1730 turpi-

112 1766 192 1831 tudo
219 1763 433 1831 maximorum
461 1765 633 1847 scelerum,
663 1764 780 1846 quibus
809 1771 902 1832 aetas
930 1765 1112 1832 laborabat.
1160 1764 1287 1846 Magna
1314 1763 1381 1829 ira-

113 1880 231 1947 cundia
254 1887 433 1948 commotus
440 1874 469 1963 ⁴)
492 1880 558 1948 iam
575 1900 700 1948 summa
716 1900 788 1947 cum
804 1881 1077 1966 indignationem
1092 1881 1237 1961 quolibet
1253 1880 1380 1946 scelere

114 1999 247 2064 obrutos
280 1998 471 2065 invecturus
506 2002 588 2066 erat.
645 1997 802 2065 Idoneum
835 2003 963 2080 tempus
996 1998 1037 2064 ad
1071 1998 1210 2063 vulnera
1243 1995 1380 2062 civitati

111 2113 236 2181 inflicta
270 2114 417 2181 sananda
451 2116 605 2183 advenire
640 2115 815 2182 videbatur
850 2134 1038 2197 morumque
1076 2114 1243 2196 turpitudo
1279 2130 1378 2193 quam

111 2230 251 2297 maxime
285 2230 328 2296 ad
357 2232 478 2298 satiras
510 2231 699 2298 scribendas
726 2233 888 2298 incitabat
900 2228 935 2316 ⁵).
983 2231 1049 2299 Sed
1077 2250 1151 2314 spes
1177 2230 1203 2296 J
1204 2227 1379 2297 uvenalem

112 2346 240 2414 fefellit.
287 2347 384 2413 Mitis
407 2347 501 2413 initio
525 2346 653 2428 imperii
666 2344 700 2430 ⁶),
725 2349 932 2414 Domitianus
957 2347 1166 2431 „aliquandiu
1189 2365 1223 2412 se
1246 2345 1377 2412 varium

111 2462 295 2546 praestitit,
331 2463 469 2528 mistura
500 2480 625 2543 quoque
657 2463 856 2545 inaequabili
887 2463 1041 2530 vitiorum
1078 2466 1175 2543 atque
1204 2460 1377 2544 virtutum,

113 2580 215 2646 donec
246 2579 390 2648 virtutes
422 2597 546 2661 quoque
579 2580 613 2645 in
648 2579 728 2648 vitia
756 2577 910 2646 deflexit“
923 2574 958 2663 ⁷).
1006 2581 1087 2646 Mox
1119 2584 1228 2645 tamen
1260 2578 1380 2644 inuata

221 2819 244 2887 ¹)
272 2819 327 2872 Sat.
346 2818 367 2889 I,
391 2817 543 2870 168-169:
563 2858 570 2871 .
589 2857 622 2871 ..
649 2817 767 2884 „Tecum
789 2819 866 2887 prius
891 2832 956 2886 ergo
980 2817 1075 2870 voluta
1099 2817 1172 2869 Haec
1195 2817 1286 2868 animo
1310 2819 1378 2869 ante

113 2908 220 2962 tubas.“
244 2938 280 2948 -
301 2908 350 2960 His
377 2908 468 2978 rebus,
491 2911 522 2960 11
540 2909 646 2977 opinor,
674 2910 737 2977 apte
765 2907 879 2976 longum
902 2907 1044 2960 Juvenalis
1072 2907 1213 2960 silentium
1241 2905 1378 2973 explicari

111 3000 212 3067 potest.
250 2995 289 3052 01.
307 2998 356 3049 vit.
375 2997 547 3049 Henniniana
565 3000 593 3048 et
610 2996 725 3049 Donati:
746 2996 810 3063 „diu
828 2998 939 3049 tacuit.“

218 3085 243 3151 ²)
271 3085 536 3155 Sat.1,149-150:
562 3125 575 3153 „
596 3126 602 3139 .
622 3126 629 3139 .
649 3126 655 3139 .
675 3126 682 3140 .
700 3087 782 3139 Utere
800 3087 883 3139 velis!
911 3086 997 3139 Totos
1016 3086 1105 3155 pande
1124 3087 1235 3138 sinus!“

216 3173 241 3241 ³)
268 3174 346 3245 ibid,
365 3194 390 3228 v.
414 3174 568 3228 147-149:
599 3176 659 3243 „Nil
684 3177 736 3228 erit
754 3176 880 3244 ulterius,
911 3175 983 3244 quod
1006 3177 1109 3227 nostris
1136 3174 1259 3228 moribus
1291 3173 1377 3226 addat

111 3267 272 3334 Posteritas,
291 3265 389 3318 eadem
406 3266 507 3317 facient
526 3267 690 3335 cupientque
709 3266 839 3335 minores,
858 3264 946 3317 Omne
958 3266 987 3316 in
1004 3265 1149 3333 praecipiti
1161 3265 1258 3317 vitium
1272 3266 1374 3316 stetit.“

216 3351 242 3421 ⁴)
269 3353 345 3423 ibid,
363 3371 389 3405 r.
408 3352 456 3405 45:
477 3353 597 3421 „Siccam
615 3355 690 3405 iecur
708 3354 800 3406 ardeat
817 3355 884 3406 ira“.

219 3443 243 3510 ⁵)
270 3442 347 3512 ibid,
365 3460 390 3495 v.
410 3442 456 3494 63:
482 3442 594 3510 „Nonne
611 3441 678 3494 libet
694 3443 783 3495 medio
801 3457 875 3495 caras
893 3442 1007 3512 implere
1024 3456 1133 3511 capaces
1152 3441 1325 3507 Quadrivio.“

218 3530 244 3602 ο)
270 3533 341 3587 Suet.
359 3531 439 3586 Dom.
458 3532 488 3586 9:
515 3533 604 3599 „Inter
621 3533 701 3584 initia
719 3532 784 3586 adeo
802 3532 835 3585 ab
853 3533 928 3585 omni
947 3531 1025 3584 caede
1038 3532 1206 3603 abhorrebat,
1224 3536 1255 3584 ut
1272 3533 1375 3584 edicere

111 3621 256 3676 destinavit
262 3638 296 3675 ue
304 3622 386 3677 boves
392 3621 608 3675 immolarentur.
621 3620 781 3692 limpiditatis
788 3637 895 3691 qnoque
903 3625 984 3691 atque
993 3623 1124 3675 avaritiae
1132 3624 1182 3674 vix
1194 3624 1375 3693 suspicionem

112 3712 197 3764 ullam
217 3713 302 3781 dedit,
319 3714 406 3764 immo
424 3727 524 3782 magna
542 3727 620 3782 saepe
641 3727 698 3766 uon
722 3711 900 3766 abstinentiae
924 3712 1012 3783 modo,
1036 3712 1182 3765 sedetiam
1205 3713 1376 3767 liberalitatis

111 3803 304 3871 experimenta.
323 3831 358 3842 —
376 3801 508 3871 Apposita
518 3801 638 3855 Boissius
656 3803 686 3870 (1
688 3801 786 3854 avenai
799 3804 825 3853 11
836 3816 886 3854 111
897 3805 992 3872 temps,
1005 3803 1097 3854 Revue
1110 3803 1156 3855 des
1170 3804 1242 3855 deux
1253 3802 1375 3874 mondes,

112 3890 176 3960 Mai,
201 3889 279 3960 1870,
301 3891 317 3943 1
342 3890 414 3961 iivr,
438 3907 464 3960 p.
488 3890 568 3958 1540:
601 3889 690 3957 „Getta
712 3891 839 3956 tyrannia
861 3895 943 3960 parnt
964 3891 1026 3960 plns
1049 3892 1144 3945 lourde
1170 3906 1248 3961 parce
1276 3891 1376 3959 qu’elle

109 3977 175 4031 11111
193 3981 282 4031 moins
304 3980 443 4049 attendua3
466 3994 502 4032 on
526 3977 627 4032 detesto
642 3979 780 4032 Domitien
798 3984 825 4032 11
841 3996 911 4050 pour
928 3980 967 4032 ies
985 3983 1082 4034 crimes
1099 3981 1159 4051 quil
1170 3982 1243 4033 avait
1260 3984 1375 4034 commis

110 4073 136 4120 11
153 4083 223 4138 pour
241 4068 279 4121 les
297 4068 451 4139 eaperences
469 4069 528 4138 quil
545 4070 619 4121 avait
635 4067 793 4138 1111111611.ιι
812 4099 846 4110 -—
864 4069 981 4124 Uberius
998 4071 1031 4123 de
1047 4071 1097 4124 hac
1114 4086 1143 4123 re
1161 4088 1186 4124 v.
1209 4086 1252 4140 ap.
1276 4071 1376 4126 lmhoi.

109 4157 128 4210 l.
147 4159 165 4210 1.
183 4175 210 4228 p.
229 4157 262 4210 ³5
281 4173 320 4226 sq.

217 4245 242 4314 ⁷)
269 4247 340 4300 Suet.
363 4247 443 4300 Dom.
468 4247 493 4300 3.
513 4278 546 4286 -
564 4248 651 4317 Peter,
675 4247 833 4301 Geechichte
856 4248 946 4302 Roma.
984 4250 1023 4301 III
1045 4249 1092 4301 Bd.
1130 4250 1145 4301 2
1168 4248 1251 4303 Abth.
1287 4249 1373 4320 Halia,

111 4334 179 4390 1869
196 4355 223 4408 p.
242 4336 301 4390 114.
