2992 4808
668 251 877 362 Α*

142 456 303 558 omittam,
327 461 361 541 in
383 463 456 558 ipsa
477 477 682 558 palimpsesti
709 479 854 560 margine
878 479 973 543 docet
996 478 1141 544 scholion
1164 478 1205 543 ad
1232 477 1301 545 Sat.
1321 475 1402 561 XV,

141 609 226 658 vers
253 596 281 674 5,
305 592 360 660 nbi
384 611 455 658 cum
479 593 580 659 codex
602 592 716 660 itidem
738 599 923 675 corruptam
947 595 1119 660 lectionem
1144 596 1327 676 praeierat:

357 746 493 816 „Dimidio
512 751 634 818 magicae
653 754 784 803 resonant
803 751 850 803 ubi
867 751 1013 803 Memnona
1034 749 1180 820 chordae“,

140 917 205 965 non
231 896 371 964 ‘fortuito
409 897 566 978 scriptum
605 915 677 962 esse
713 896 925 976 „Memnona“
964 917 1023 979 pro
1058 896 1269 977 „Memnone“
1307 903 1402 963 vetus

142 1012 312 1080 annotatio
352 1014 510 1079 ostendit:
560 1013 708 1094 ,quidam
740 1014 905 1078 dimidium
936 1032 999 1079 non
1041 1014 1170 1078 dimidio
1213 1014 1327 1095 legunt
1360 1014 1403 1077 ad

141 1129 315 1195 Memnona
356 1128 555 1195 referentes“
576 1124 608 1210 ¹).
678 1128 800 1194 Mirum
837 1129 949 1212 igitur,
981 1150 1021 1195 ne
1054 1129 1159 1196 dicam
1198 1129 1400 1211 incredibile,

141 1245 318 1328 videretur,
332 1246 371 1339 si
388 1244 543 1327 homines,
568 1245 622 1326 qui
638 1248 730 1310 tauto
747 1244 852 1310 studio
876 1245 909 1310 in
933 1243 1053 1310 satiras
1077 1245 1219 1311 edendas
1243 1246 1402 1324 interpre-

143 1361 325 1441 tandasque
349 1361 581 1442 incumberent,
607 1359 689 1424 nihil
712 1359 815 1443 nobiS,
839 1359 963 1425 recenti
986 1359 1141 1424 memoria
1163 1380 1271 1426 rerum
1300 1361 1401 1425 Juve-

141 1475 354 1558 nalianarum,
379 1475 418 1540 de
442 1475 613 1556 scriptoris
629 1476 699 1544 vita
713 1475 937 1542 tradidissent.
983 1475 1271 1542 verumenimvero
1295 1475 1401 1540 omnia

142 1610 178 1656 eo
204 1591 335 1673 ducunt,
358 1597 396 1655 ut
420 1591 515 1656 simul
539 1609 609 1655 cum
633 1591 796 1656 codicibus
819 1590 1207 1670 interpretationibusque
1225 1592 1399 1655 satirarum

140 1706 233 1773 brevi
269 1711 344 1788 post
376 1712 512 1771 mortem
545 1705 720 1771 Juvenalis
753 1704 988 1786 descriptiones
1022 1705 1112 1769 vitae
1145 1705 1214 1769 eins
1250 1706 1400 1770 extitisse

141 1826 333 1904 statuamus
358 1840 441 1902 quae
465 1841 484 1886 a
500 1820 733 1903 posterioribus
750 1819 971 1902 grammaticis
987 1824 1021 1883 et
1037 1819 1223 1884 scholiastis
1242 1821 1399 1885 collectae

140 1936 304 2002 nonnullis
328 1935 463 2003 mutatis
487 1941 545 2002 aut
568 1935 728 2002 adiunctis
750 1941 807 2001 aut
826 1935 985 2000 detractis
1008 1934 1177 2014 paullatim
1195 1935 1228 2000 in
1245 1937 1397 2018 vitarum,

141 2052 253 2133 quales
276 2071 360 2117 nunc
382 2053 544 2132 habemus
569 2050 690 2116 formas
714 2051 914 2116 transierint.

246 2169 299 2234 De
331 2167 508 2232 abactoribus
542 2167 682 2233 vitarum
717 2167 796 2231 nibil
833 2165 960 2230 omnino
995 2167 1077 2230 certi
1112 2167 1268 2232 constitui
1303 2187 1397 2247 posse

141 2283 280 2350 videtur.
326 2283 439 2364 Atque
463 2283 576 2364 prima,
606 2301 687 2363 quae
711 2281 860 2363 omnium,
886 2281 970 2362 qnod
994 2282 1103 2364 sciam,
1135 2301 1291 2348 consensu
1316 2281 1396 2346 anti-

142 2399 297 2480 quissima
324 2403 461 2478 putatur
473 2392 509 2480 ²),
538 2396 603 2462 iam
627 2396 682 2460 diu
706 2396 798 2461 modo
823 2395 975 2461 Suetonio
1007 2397 1098 2462 modo
1121 2397 1255 2466 Valerio
1290 2397 1396 2462 Probo

142 2513 353 2598 grammatico
387 2513 642 2579 adscribebatur.
690 2511 744 2577 Ad
777 2513 915 2578 nobilem
950 2513 1040 2578 illurn
1072 2514 1261 2578 historicum
1293 2513 1397 2578 uitam

142 2630 329 2696 referebant
363 2626 621 2711 Oasaubonus³),
661 2622 884 2711 Salmasius⁴l,
920 2623 1174 2712 Spaldingius⁵).
1221 2629 1285 2695 Sed
1313 2647 1398 2693 nunc

142 2765 235 2813 nemo
268 2749 328 2828 est,
353 2746 407 2826 qui
430 2745 610 2811 obsoletam
637 2745 725 2809 illam
756 2744 796 2809 de
825 2743 978 2809 Suetonio
1005 2746 1095 2811 vitae
1123 2745 1297 2810 luvenalis
1325 2764 1398 2809 auc·

142 2866 213 2926 tore
226 2861 407 2942 opinionem
421 2865 564 2925 tueatur.
589 2859 674 2925 Nam
690 2867 726 2925 ut
736 2861 954 2925 Burmannum
969 2860 1117 2926 omittam
1127 2857 1162 2942 6),
1178 2853 1397 2942 Franckins²l

144 2983 179 3042 et
202 2975 350 3041 Suetonii
374 2975 516 3040 editores
540 2975 825 3040 Reifferscheidius
834 2972 859 3057 ⁸)
885 2981 918 3040 et
942 2976 1080 3040 Rothius
1090 2972 1115 3056 ⁹)
1140 2975 1220 3038 satis
1238 2994 1397 3056 superque

143 3092 408 3157 demonstrarunt
439 3091 523 3155 hanc
554 3091 657 3157 vitam
690 3091 815 3156 omnino
848 3090 1003 3156 Suetonio
1037 3109 1108 3154 esse
1140 3089 1396 3156 abiudicandam.

142 3208 260 3288 Itaque
283 3207 374 3290 ligna
398 3225 457 3289 ego
481 3205 514 3270 in
538 3206 653 3272 silvam
677 3205 763 3271 ferre
783 3206 867 3270 nolo
907 3204 1066 3270 Similiter
1083 3204 1180 3269 etiam
1199 3207 1240 3270 ad
1257 3207 1398 3271 Probum

143 3322 314 3405 Berytium
336 3320 593 3404 grammaticum,
618 3323 676 3387 sub
699 3322 788 3387 cuius
810 3322 936 3386 nomine
958 3318 1121 3402 Georgius
1136 3321 1237 3387 Valla
1255 3343 1294 3387 ex
1316 3324 1399 3388 anti-

142 3546 456 3554 ———-

249 3721 270 3786 ¹)
298 3719 378 3789 Jahn,
396 3719 537 3773 luvenalis
558 3727 617 3786 sat,
636 3736 662 3789 p.
680 3719 740 3772 159.
760 3750 794 3758 -
813 3719 960 3788 Hermann,
979 3721 997 3772 l.
1016 3720 1034 3772 i.
1054 3738 1080 3790 p.
1100 3722 1124 3775 5.

247 3818 270 3881 ²)
300 3816 339 3870 Of.
358 3817 540 3887 Syunerberg,
559 3819 600 3870 De
619 3818 789 3886 temporibus
809 3823 859 3870 etc.
880 3835 906 3886 p.
925 3818 950 3869 8.

248 3904 272 3971 ³)
300 3905 360 3957 Vid.
380 3906 550 3976 Suetonium,
570 3907 611 3959 ed.
630 3908 777 3961 Burmann.
796 3905 950 3959 Amstelod.
970 3907 1101 3977 1736‚11,
1120 3925 1145 3977 p.
1165 3907 1224 3959 164.

259 3998 271 4059 )
300 3995 520 4048 Exercitationes
539 3997 688 4064 Plinianac,
707 3997 827 4063 Parisiis,
847 3995 915 4047 1689
934 4013 960 4064 p.
979 3996 1040 4048 449.

259 4084 269 4152 J
296 4084 328 4135 In
346 4086 459 4153 praefat.
479 4085 542 4137 edit.
562 4084 720 4150 Quintilian.
739 4086 856 4154 Lipsiae,
875 4085 953 4155 1798,
971 4103 997 4155 p.
1017 4080 1125 4139 XXXV.

260 4180 271 4241 l
298 4173 370 4227 Edit.
390 4174 511 4242 Sueten,
529 4174 563 4243 11,
582 4174 642 4226 470.

260 4265 273 4327 )
302 4262 426 4314 Examen
446 4265 530 4314 critic.
549 4262 689 4315 «luvenalis
708 4266 789 4332 vitae,
807 4281 832 4332 p.
852 4263 868 4315 9
888 4280 927 4332 sq.

164 4365 165 4369 ¹
247 4348 271 4416 Θ)
300 4351 411 4404 Sueten.
430 4351 490 4404 libr.
509 4352 586 4419 reliq.
605 4353 722 4422 Lipsiae,
741 4351 810 4403 1860
829 4369 854 4421 p.
873 4352 933 4404 404.

243 4437 266 4501 ⁹)
292 4439 382 4490 Praef.
401 4440 465 4492 edit.
486 4441 600 4494 Sueten.
619 4442 736 4512 Lipsiae,
755 4441 823 4493 1862
845 4459 869 4512 p.
888 4443 1013 4495 LXXVII
1031 4458 1071 4511 sq.

247 3993 258 4026 4

249 4084 259 4117 5

248 4171 258 4204 d

250 4258 259 4291 t
