2992 4808
729 264 771 326 46

647 351 726 358 „um—„-
731 352 855 358 ..m—m..

113 471 241 553 publice
264 471 485 554 privatimque
509 473 618 540 ditans
647 492 756 539 omnes
785 481 820 540 et
849 474 1023 540 honoribus
1053 492 1187 557 augens,
1221 492 1306 555 quos
1334 475 1390 543 uel

113 588 269 655 mediocri
303 589 533 656 familiaritate
571 591 796 672 cognovisset,
836 593 945 657 orbem
990 596 1154 656 terrarum
1198 590 1389 674 aedificans,

114 705 235 771 multas
258 704 483 772 immunitates
506 705 698 773 civitatibus
721 707 877 790 tribuens,
914 706 995 772 nihil
1019 725 1083 772 non
1116 708 1332 789 tranquillum
1357 713 1392 773 et

113 819 278 902 placidum
311 817 433 904 agens“
448 816 481 904 ¹).
540 822 613 888 Has
644 826 757 888 tantas
791 822 855 888 viri
889 822 1031 888 virtutos
1066 822 1209 888 maxima
1244 821 1389 889 omnium

115 934 288 1002 admiratio
310 942 424 1003 secuta
440 944 502 1019 est,
527 941 565 1003 ut
588 956 651 1003 non
668 938 770 1003 solum
789 937 974 1020 multitudo,
999 937 1056 1004 sed
1073 938 1174 1004 etlam
1191 937 1390 1004 nobilissimi

114 1052 203 1119 cives
217 1071 369 1135 magnum
393 1057 427 1118 et
442 1052 570 1119 felicem
587 1072 659 1119 eum
675 1053 882 1119 nominarent
904 1058 939 1118 et
962 1058 999 1119 ut
1016 1053 1228 1135 sequentibus
1248 1053 1391 1136 impera·

113 1167 239 1234 toribus
262 1169 324 1233 hoc
346 1188 443 1235 unum
467 1169 501 1235 in
525 1173 642 1236 senatu
672 1170 928 1236 acclamaretur:
961 1168 1111 1251 „felicior
1142 1171 1187 1236 sis
1218 1169 1388 1254 Augusto,

113 1283 229 1350 melior
252 1283 428 1351 Traiano.“
475 1283 567 1368 Quae
597 1305 668 1352 cum
698 1286 748 1352 ita
778 1285 854 1368 sint,
879 1285 961 1350 illud
992 1286 1086 1351 nobis
1118 1285 1388 1366 probatissimum

114 1400 193 1484 erit,
231 1420 294 1467 non
327 1421 367 1468 ea
398 1400 507 1467 indole
540 1401 718 1468 Traianum
750 1402 867 1484 fuisse,
908 1400 957 1467 uti
989 1405 1126 1483 propter
1157 1401 1236 1467 duos
1269 1419 1388 1468 versus

113 1495 282 1583 histrionis
298 1515 409 1600 gratia
425 1523 553 1599 poetam
570 1537 611 1583 ex
626 1519 706 1583 urbe
723 1517 913 1599 depelleret.
961 1516 1011 1582 At
1028 1516 1206 1583 Traianum
1222 1535 1388 1582 morosum

113 1631 216 1698 fuisse
252 1631 465 1714 Pyladcuque
497 1632 691 1699 saltatorem
725 1652 853 1700 amasse
884 1633 1030 1700 nonnulli
1060 1632 1217 1698 obiciunt.
1263 1630 1386 1699 Audio.

113 1747 163 1813 At
194 1748 229 1814 in
259 1747 415 1828 Eutropii
447 1748 646 1830 testimonio,
680 1768 781 1830 supra
811 1749 959 1831 laudato,
994 1749 1059 1814 iam
1091 1748 1174 1815 satis
1208 1747 1388 1815 manifesta

114 1862 307 1929 documenta
324 1863 529 1947 „civilitatis
543 1863 787 1948 moderationis,
801 1860 1037 1930 liberalitatis“
1054 1863 1191 1930 Traiani
1207 1862 1387 1944 deprehen-

113 1977 227 2045 dimus.
274 1977 399 2063 Quibus
423 1980 521 2046 etiam
544 1979 626 2045 baec
648 1978 768 2045 Dionis
792 1979 981 2061 adiungam:
1020 1987 1076 2063 „ap
1101 1981 1186 2064 φύσει
1209 1980 1293 2043 οὐδὲν
1318 1979 1387 2044 οὔτε

115 2098 231 2160 διπλοῦν
255 2095 322 2160 οὔτε
345 2096 441 2160 δόλιον
464 2095 532 2160 οὔτε
553 2097 644 2182 τραχὺ
668 2096 760 2182 είχεν;
790 2097 866 2161 ἀλλὰ
888 2097 955 2166 τοὺς
984 2098 1034 2180 μὲν
1064 2097 1192 2179 ἀγαθοὺς
1223 2097 1316 2181 ἐφίλει
1338 2097 1388 2160 καὶ

114 2213 255 2283 ἐδεξιοῦτο
289 2213 337 2275 καλ
369 2212 460 2295 ἐτίμα,
493 2217 550 2275 τῶν
583 2213 615 2275 δὲ
647 2211 744 2275 ἄλλων
768 2212 879 2295 ἠμέλει·
908 2259 916 2274 .
942 2259 950 2276 .
975 2259 983 2275 .
1008 2259 1016 2275 .
1041 2213 1188 2296 διαβολαῖς
1219 2237 1251 2276 τε
1283 2213 1386 2296 ἥκιστα

112 2329 256 2404 ἐπίστευε,
285 2329 332 2391 καὶ
363 2329 435 2412 ὀργῇ
459 2329 560 2411 ἥκιστα
583 2324 759 2391 ἐδουλοῦτοίι
771 2322 808 2410 ²).
855 2326 952 2393 Adde
966 2327 1066 2393 Plinii
1083 2326 1224 2393 Secundi
1247 2327 1288 2393 da
1311 2326 1386 2393 miti

113 2442 249 2509 Traiani
271 2441 402 2524 ingenio
426 2441 663 2508 testimonium:
711 2443 837 2525 „Nemo
867 2442 907 2507 de
944 2442 1125 2509 severitate
1148 2448 1207 2509 tua
1236 2442 1386 2523 queritur

112 2565 145 2625 et
168 2559 307 2626 liberum
331 2563 383 2624 est
405 2555 518 2638 queri“
531 2555 566 2640 ³),
591 2563 626 2623 et
647 2558 751 2639 ipsius
774 2559 947 2640 epistolam
971 2559 1012 2625 ad
1033 2559 1178 2625 Plinium
1201 2559 1235 2624 in
1260 2578 1324 2640 qua
1347 2578 1384 2626 se

112 2693 198 2758 „non
229 2694 270 2741 ex
292 2680 381 2740 metu
413 2678 448 2739 et
472 2679 599 2739 terrore
621 2674 784 2739 hominum
808 2678 866 2739 aut
888 2674 1077 2740 criminibus
1101 2673 1266 2740 maiestati
1289 2691 1384 2740 reve·

114 2789 255 2856 rentiam
279 2785 427 2871 adquiri“
451 2781 623 2870 fatetur4).
670 2789 743 2855 Nec
765 2789 1095 2870 praetermittendum
1119 2794 1179 2872 cst,
1204 2789 1384 2855 Traianum

111 2904 243 2972 minime
266 2904 480 2986 suspiciosum
503 2904 614 2970 fuisse.
662 2903 741 2969 Cum
759 2904 920 2970 Liciuium
933 2903 1049 2970 Suram
1072 2904 1275 2985 praefectum
1299 2923 1381 2969 non·

113 3021 194 3087 nulli
218 3019 402 3088 maiestatIs
421 3027 623 3102 accusarent,
650 3018 811 3086 Traianus
833 3020 904 3101 ipse
928 3019 970 3086 ad
993 3026 1064 3086 cum
1088 3019 1181 3086 veuit
1204 3037 1382 3100 servosque

111 3138 182 3204 eius
205 3136 268 3203 sibi
291 3138 423 3202 barbam
449 3135 585 3201 tondere
615 3141 649 3200 et
677 3135 787 3201 oculos
814 3134 943 3201 illinere
970 3134 1067 3200 iussit
1078 3129 1114 3215 ⁵).
1160 3135 1226 3199 Per
1258 3133 1381 3217 viginti

109 3253 180 3320 fere
203 3270 305 3319 annos
327 3251 531 3334 principatus
555 3249 625 3316 eius
650 3247 832 3334 (ca-117)
856 3269 921 3316 una
944 3249 1048 3316 solum
1077 3248 1259 3316 coniuratio
1289 3249 1382 3316 facta

111 3373 177 3452 est,
213 3368 305 3435 cuius
337 3368 403 3434 dux
440 3372 565 3450 tamen,
607 3365 803 3447 Calpurnius
840 3365 979 3432 Crassus
1017 3370 1165 3448 senator,
1204 3364 1381 3446 ignorante

113 3485 255 3551 Traiano
279 3488 512 3566 personatum
536 3482 708 3548 damnatus
732 3479 830 3561 esau.
877 3479 1001 3565 Quibus
1025 3482 1121 3564 plane
1149 3481 1231 3547 haec
1261 3481 1381 3549 Dionis

111 3600 151 3666 de
175 3599 319 3666 Traiano
342 3579 554 3682 respondent:
580 3605 642 3684 „aqi
664 3622 696 3661 τε
719 3600 804 3683 δήμῳ
827 3595 888 3681 μετ’
914 3598 1063 3667 ἐπιεικείας
1086 3599 1243 3681 συνεγίνετο
1271 3600 1319 3662 καὶ
1340 3584 1379 3682 τῇ

109 3718 244 3803 γερουσία
268 3722 473 3802 σεμνοπρεπῶς
494 3715 606 3800 ὡμίλει,
630 3715 775 3798 ἀγαπητὸς
797 3715 849 3797 μὲν
871 3718 949 3791 πᾶσι,
977 3715 1103 3798 φοβερὸς
1126 3716 1158 3778 δὲ
1181 3717 1281 3799 μηδενὶ
1302 3715 1379 3798 πλὴν

217 3989 241 4057 ¹)
268 3990 382 4060 Eutrop.
401 3989 559 4044 Histrum.
579 3988 650 4058 VIII,
670 4004 692 4042 c.
711 3988 735 4040 4.

216 4079 241 4146 ²)
267 4080 321 4132 Dio
342 4078 427 4149 (loss,
445 4077 565 4149 LXVIII,
585 4094 607 4133 c.
627 4079 642 4130 5
662 4081 676 4143 S
694 4076 724 4147 33
754 4091 776 4129 c.
796 4075 812 4128 6
831 4081 844 4142 §
863 4076 888 4128 4.

215 4166 240 4235 ³)
266 4170 368 4238 Pancg.
388 4185 410 4223 c.
429 4166 472 4221 46.

213 4255 241 4326 ⁴)
266 4259 354 4329 Epist.
374 4257 409 4310 ad
427 4257 495 4310 Plin.
515 4257 549 4326 X,
567 4256 610 4310 86.
630 4286 663 4296 -
683 4255 722 4309 Of.
741 4255 848 4325 Strbel,
865 4272 892 4324 p.
912 4254 953 4306 28.

215 4347 240 4415 ⁶)
266 4349 356 4416 Peter,
375 4364 401 4416 p.
420 4345 481 4398 146.

209 4433 235 4501 ⁶)
257 4437 376 4505 Eutrcp.
400 4435 468 4507 VIII,
487 4434 513 4489 4.
