2992 4808
690 303 699 308 „
725 219 766 276 do

109 421 367 508 restringunt“¹)
502 425 614 506 Adde,
650 426 735 507 quod
771 446 888 508 poena,
928 445 1021 506 quam
1058 426 1159 490 subiit
1189 427 1214 492 J
1217 427 1379 509 uvenalis,

109 541 249 622 speciem
266 541 374 621 potius
390 542 521 606 honoris
538 542 700 624 militaris,
726 560 820 622 quam
837 542 928 607 exilii
946 543 1000 607 vel
1023 541 1238 625 relegationis
1262 542 1382 608 habuit

109 676 169 722 nec
208 656 388 739 longinqua
416 661 474 721 aut
499 657 594 722 nimis
622 657 760 722 molesta
791 657 892 722 fuisse
921 657 1060 723 videtur.
1107 654 1212 740 Quam
1241 659 1283 722 ob
1313 676 1380 722 rem

110 793 182 839 cum
213 773 347 839 Nervae
376 773 563 854 principatu
587 774 723 839 Romam
752 774 892 838 redisset
920 778 1032 854 poeta,
1063 792 1124 838 neo
1153 772 1217 853 ipsi
1245 772 1381 838 exilium

112 891 216 957 malos
250 895 387 957 eventus
420 891 498 955 tulit
529 908 589 955 uec
620 889 655 954 id
690 890 776 954 circo
815 890 989 954 amicorum
1019 889 1083 955 fuit
1112 908 1184 954 eum
1215 889 1381 955 miserari.

109 1003 234 1089 Quibus
258 1007 355 1071 rebus
372 1012 406 1072 et
422 1006 617 1087 scriptorum
634 1007 659 1071 J
662 1005 792 1072 urenali
817 1005 1001 1086 aequalium
1024 1006 1190 1071 silentium
1214 1005 1254 1070 de
1279 1005 1382 1071 exilio

90 1122 207 1189 ‘facile
231 1122 416 1203 explicatur
440 1128 475 1187 et
497 1121 639 1186 fortasse
663 1121 726 1186 huc
742 1125 933 1202 spectantes
949 1121 1133 1186 sententiae
1151 1122 1381 1202 discrepantes

111 1239 319 1320 antiquarum
347 1241 499 1306 vitarum.
547 1240 612 1306 Sed
640 1239 721 1305 haec
751 1240 918 1306 haetenus.
965 1241 1018 1306 De
1042 1240 1278 1324 Synnerbcrgii
1311 1261 1384 1307 sen-

110 1356 226 1438 tentia,
244 1355 424 1438 „neminem
442 1355 539 1421 facile
557 1355 619 1420 sibi
636 1374 876 1438 persuasurum,
893 1362 1021 1437 poetam
1040 1356 1199 1421 acerrimo
1216 1357 1249 1421 iu
1267 1362 1384 1438 tyran·

111 1491 186 1539 num
210 1473 282 1538 odio
306 1473 440 1537 ductum
464 1472 587 1555 omnia,
618 1491 701 1553 quae
730 1474 773 1538 ad
800 1491 907 1538 mores
931 1473 1001 1539 eius
1026 1473 1207 1553 carpendos
1230 1472 1383 1554 vitiaque

112 1587 314 1653 ostendenda
341 1587 502 1669 valerent,
531 1606 596 1653 non
624 1607 746 1653 summo
777 1587 884 1653 studio
908 1596 1114 1669 arrepturum
1145 1583 1284 1670 esse²)“,
1311 1590 1383 1672 boc,

113 1703 235 1783 opinor,
261 1702 369 1768 dicere
393 1709 446 1769 sat
470 1704 542 1784 erit,
567 1705 591 1769 J
594 1706 764 1770 uvenalem
788 1724 852 1770 non
876 1704 1068 1770 historicum
1085 1724 1165 1787 esse,
1191 1704 1247 1769 sed
1269 1704 1385 1770 satiri·

113 1838 185 1884 cum
216 1820 424 1902 scriptorem,
454 1821 546 1886 cuius
574 1839 638 1886 nun
669 1828 735 1887 tam
765 1827 817 1887 cst
846 1821 1045 1905 singulorum
1076 1820 1160 1886 vitia
1183 1821 1384 1905 describere,

114 1947 208 2008 quam
232 1927 266 1993 iu
290 1928 479 1994 universum
502 1930 648 2009 perditos
672 1927 795 1995 aetatis
818 1947 897 1994 suae
920 1947 1027 1994 mores
1056 1928 1247 2010 castigando
1273 1948 1386 1993 emen-

114 2041 241 2127 dare³).
293 2045 347 2111 Ae
378 2063 484 2110 nonno
516 2045 598 2124 satis
633 2044 741 2110 odium
776 2064 866 2111 suum
898 2045 931 2109 in
961 2043 1186 2110 Domitianum
1210 2043 1384 2128 patefecit,

115 2179 186 2226 cum
218 2160 252 2225 in
287 2160 399 2226 satiris
432 2166 550 2241 quarta
582 2166 617 2226 et
649 2161 793 2227 secunda
820 2161 854 2226 iu
882 2161 1058 2241 nequitiam
1087 2161 1386 2241 crudelitatemque

114 2274 248 2357 tyranni
265 2295 388 2344 summa
405 2295 476 2341 cum
493 2275 719 2356 indignatione
736 2269 1005 2356 inveheretu1·⁴)?
1040 2276 1212 2341 Postremo
1225 2275 1386 2342 Straokio

115 2389 401 2457 contradicendum
431 2396 495 2472 est,
525 2390 596 2473 qui,
621 2390 787 2456 Franckio
816 2398 996 2471 praeeunte
1008 2387 1047 2473 ⁵),
1077 2391 1167 2456 exilii
1191 2391 1312 2456 famam
1327 2393 1386 2485 'nil

115 2506 181 2572 nisi
203 2512 352 2573 veterum
383 2507 635 2573 scholiastarum
665 2514 879 2574 commentum
910 2504 1140 2590 arbitratur·⁰).
1187 2509 1227 2572 In
1250 2507 1386 2574 ratioci-

115 2624 304 2693 nationibus
328 2625 395 2689 suis
419 2630 453 2690 et
476 2623 674 2691 coniecturis
697 2625 791 2689 homo
815 2625 930 2689 doctus
953 2625 1076 2706 ingenii
1100 2623 1149 2689 sui
1172 2624 1322 2690 acumina
1347 2643 1386 2690 eo

116 2740 275 2822 imprimis
298 2739 458 2822 intendit,
483 2744 519 2805 ut
541 2740 589 2820 id,
614 2739 699 2821 quod
722 2740 787 2805 iam
810 2740 934 2821 pridem
958 2740 1176 2815 Duentzerus
1202 2738 1385 2822 Kempfius,

117 2856 304 2923 Franckius
321 2855 566 2922 somniaverant
576 2850 612 2939 ⁷),
638 2855 888 2938 demonstraret,
913 2856 1110 2920 Probianam
1132 2854 1278 2935 aliasque
1295 2854 1386 2922 vitas

117 2994 158 3040 ex
193 2972 387 3054 quibusdam
422 2972 568 3055 singulos
604 2966 779 3038 satirarum
815 2973 839 3037 J
842 2972 990 3039 urenalis
1025 2973 1113 3036 locos
1144 2971 1387 3050 interpretandi

118 3090 339 3155 conaminibus
363 3096 454 3154 ortas
488 3093 523 3154 et
546 3088 703 3154 conflatas
727 3084 848 3170 esse⁸).
897 3089 947 3152 Ac
970 3107 1088 3154 revera
1110 3086 1295 3170 negandum
1319 3105 1385 3151 non

119 3211 188 3288 est,
225 3203 381 3270 nonnulla
415 3223 498 3285 quae
533 3203 567 3269 iu
589 3200 682 3288 [vitis
716 3205 869 3287 leguntur
898 3223 939 3268 ex
968 3204 1111 3284 antiquis
1140 3201 1387 3268 commentariis

116 3322 170 3387 vel
204 3321 535 3401 interpretationibus
568 3319 771 3403 singulorum
793 3320 967 3386 Juvenalis
996 3338 1147 3385 uersuum
1177 3318 1273 3383 facile
1304 3317 1387 3382 oriri

224 3504 247 3570 ¹)
275 3504 353 3573 Ibid.,
371 3504 443 3572 XVI,
462 3501 504 3554 16.

222 3594 246 3658 ²)
274 3593 316 3644 De
336 3593 516 3662 temporibus,
535 3608 560 3661 p.
580 3591 623 3645 86.

223 3682 247 3748 ³)
276 3681 315 3736 cf.
336 3687 404 3734 orat.
424 3698 524 3751 meam,
549 3682 607 3747 „De
631 3697 663 3733 eo
685 3683 758 3749 quud
783 3698 921 3734 sumnmm
945 3687 988 3733 est
1011 3684 1040 3733 iu
1064 3684 1155 3734 satiris
1178 3681 1387 3733 Juvenalianis“

116 3777 144 3825 in
163 3773 344 3824 universitate
363 3770 558 3823 Charcovieusi
576 3771 707 3823 habitam.
745 3770 958 3838 Vononeschiae,
977 3770 1047 3823 1876
1065 3788 1090 3839 p.
1110 3773 1134 3821 5.

222 3859 246 3927 ⁴)
274 3859 406 3926 Doctech,
431 3861 548 3912 Juvenal
573 3861 617 3911 ein
643 3859 834 3911 Sitteurichter
860 3861 949 3911 seiner
972 3860 1039 3928 Zeit,
1065 3861 1185 3928 Leipzig,
1210 3859 1280 3910 1874
1297 3876 1323 3927 p.
1344 3860 1389 3933 39,

116 3950 159 4019 48,
178 3951 221 4018 55,
241 3948 283 4001 56.
321 3948 360 4002 Cf.
381 3949 614 4002 commentarium
633 3964 727 4000 meum
745 3951 773 4000 iu
792 3949 889 4001 Juven.
904 3951 1016 4002 satiram
1030 3950 1180 4001 secumdam
1194 3950 1303 4018 (Hippin.
1315 3949 1389 4007 Mun.

117 4038 185 4106 Hap.
205 4037 256 4106 Ilp.
276 4037 347 4089 1876
365 4038 411 4092 Nu.
431 4038 461 4104 2)
479 4055 506 4107 p.
526 4036 568 4089 63.

225 4126 248 4192 ³³)
278 4126 376 4178 Exam.
397 4128 529 4195 criticum,
547 4144 573 4196 p.
593 4127 626 4178 42
648 4143 687 4194 sq.

222 4214 233 4247 ⁰
277 4216 319 4267 De
339 4217 430 4285 exilio,
449 4233 475 4284 p.
495 4215 537 4267 10.

224 4302 247 4372 ⁷)
278 4303 316 4357 cf.
337 4321 423 4374 supa,
441 4322 468 4374 p.
488 4305 512 4357 2.

222 4391 246 4461 Β)
273 4395 386 4447 Ibidem.

242 4506 251 4523 0
