2992 4808
734 286 754 347 8

637 372 848 381 ——-—-
871 381 873 387 ¹

110 493 250 557 omnium
274 493 397 559 fontem
432 494 556 562 referre
588 514 652 560 non
688 494 853 563 dubitavit
868 491 903 579 ¹).
949 496 1022 562 Nec
1045 501 1154 562 tamen
1178 501 1277 578 recte,
1312 497 1383 562 nisi

110 607 196 673 forte
220 609 440 675 coniecturam
464 631 504 676 ex
526 629 612 678 vano
646 612 798 677 haustam
821 631 879 693 pro
903 632 939 678 re
963 617 1054 677 certa
1081 631 1120 677 ac
1154 612 1383 678 demonstrata

111 725 261 805 accipere
283 724 379 791 velis,
425 726 513 792 Nam
536 726 717 808 quicunque
740 728 793 795 vel
824 728 930 793 obiter
957 731 1129 807 utramque
1160 729 1261 793 vitam
1290 727 1382 793 inter

111 859 146 906 se
169 841 421 924 comparaverit,
456 847 548 908 recte
572 842 634 908 sibi
657 843 878 925 persuadebit,
914 844 1233 923 Kulenkampiauam
1266 821 1381 909 multis

109 956 207 1023 rebus
223 955 354 1023 differre
378 957 590 1024 aProbiana.
637 958 899 1042 Synuerbergius
922 974 1001 1027 vero
1026 960 1060 1025 id
1079 961 1181 1025 solnm
1198 960 1379 1041 expedivit,

110 1073 194 1152 quod
234 1070 326 1139 vitae
368 1073 463 1140 finem
504 1075 647 1155 „decessit
676 1111 716 1120 -
745 1073 952 1158 imperatore“
999 1095 1017 1141 e
1053 1075 1147 1141 falsis
1182 1076 1380 1142 scholiastae

110 1187 408 1269 computationibus
450 1195 556 1254 ortum
595 1209 667 1256 esse
705 1189 884 1256 affirmavit
893 1184 929 1271 ²).
1003 1191 1069 1258 Sed
1108 1192 1142 1257 in
1181 1191 1379 1275 gravissimo

109 1305 199 1372 vitae
237 1303 424 1370 testimonio
467 1307 631 1387 „extremis
668 1341 704 1350 -
741 1304 888 1370 1111111111α
929 1306 983 1371 vel
1020 1305 1194 1372 fastidiose
1233 1310 1380 1374 caecutit

111 1420 164 1486 vel
190 1420 387 1486 coniecturis
422 1425 550 1487 tantum
573 1418 730 1504 utitur³),
766 1441 827 1502 quo
850 1420 949 1503 facto,
985 1426 1022 1485 nt
1049 1423 1232 1488 Hermauni
1267 1425 1379 1489 verbis

111 1533 198 1610 utar,
224 1528 353 1611 „fucum
369 1527 488 1612 potius,
514 1547 609 1609 quam
624 1529 729 1595 facem
745 1526 924 1610 praetulit“
937 1522 977 1612 ⁴).
1009 1531 1085 1595 Hac
1101 1529 1218 1595 critica
1236 1529 1379 1611 Synner-

109 1643 242 1725 bergius
276 1644 405 1709 ratione
441 1643 476 1708 id
511 1643 627 1726 effecit,
667 1649 713 1727 ut,
754 1662 824 1709 cum
863 1643 954 1710 vitae
991 1645 1307 1726 Kulenkampiauae.
1337 1646 1378 1710 dc

110 1759 136 1826 J
137 1760 286 1827 uvenalis
303 1759 402 1825 exilio
419 1761 640 1826 testimoninm
656 1759 806 1826 refellere
822 1759 1037 1843 nequivisset,
1062 1781 1153 1828 suam
1177 1762 1217 1827 dc
1234 1760 1377 1827 Traiano

111 1874 202 1941 exilii
225 1881 359 1940 auctore
384 1876 603 1941 coniecturam
618 1871 655 1959 ⁵),
693 1876 744 1941 cui
766 1882 899 1957 praeter
923 1877 1025 1943 vitam
1057 1877 1378 1956 Kulenkampiauam

110 1988 210 2056 etiam
234 1991 339 2057 multa
362 1991 428 2056 alia
453 1993 583 2056 obstant
599 1987 636 2073 ⁰),
659 1992 756 2073 plane
772 1991 1018 2072 improbabilem
1042 1992 1178 2058 faceret.
1226 1990 1377 2072 Accedit,

110 2105 196 2186 qnod
224 2111 258 2171 et
286 2107 353 2172 alia
383 2107 454 2172 eius
486 2105 676 2172 coniectura
711 2126 858 2190 „omnem
881 2107 1100 2189 imperatoria,
1136 2107 1280 2188 quisquis
1304 2109 1378 2192 erit,

110 2225 318 2308 mentionem,
342 2225 392 2292 ita
413 2224 535 2292 factam
560 2245 642 2307 esse,
667 2231 704 2290 ut
719 2244 836 2291 nomen
860 2226 928 2292 eins
945 2224 1109 2307 posterius
1133 2245 1173 2290 ex
1189 2224 1378 2291 coniectura

111 2359 183 2407 csse
208 2341 349 2422 positum
372 2346 462 2408 recte
485 2341 531 2408 sit
554 2339 791 2425 colligeudnm“
807 2335 844 2425 7),
880 2341 960 2407 mihi
982 2344 1042 2407 hoc
1065 2342 1135 2406 loco
1166 2334 1378 2423 impr'obanda

111 2460 177 2536 est,
202 2476 277 2523 uam
302 2456 330 2522 si
353 2456 661 2537 Kulenkampiauae
684 2457 776 2523 vitae
799 2456 1022 2522 testimoninm
1050 2456 1188 2522 refutari
1212 2458 1327 2538 nequit
1339 2453 1375 2541 ⁸),

113 2573 217 2639 verba
239 2571 330 2638 illius
353 2571 447 2638 modo
472 2572 576 2639 allata
599 2573 641 2638 ad
664 2573 843 2639 Traianum
867 2573 920 2640 vel
943 2591 1038 2653 quem
1062 2574 1112 2639 vis
1136 2573 1235 2639 alium
1258 2574 1377 2640 falsum

111 2687 203 2752 exilii
239 2693 404 2754 auctorem
428 2687 656 2769 potiusquam
681 2690 723 2754 ad
757 2689 984 2755 Domitianum
1008 2690 1132 2756 referas
1160 2710 1293 2756 neccsse
1318 2697 1378 2756 est.

110 2802 164 2867 De
202 2802 362 2869 Franckii
396 2821 475 2870 vero
514 2805 689 2888 sententia,
729 2823 823 2884 quam
860 2805 899 2869 de
938 2805 1030 2872 vitae
1069 2806 1379 2887 Kulenkampiauae

111 2917 238 3002 origine
262 2916 403 3000 protulit
418 2915 454 3002 ⁹),
488 2919 558 3002 boc,
594 2920 717 3001 opinor,
753 2919 862 2985 dicere
886 2925 939 2987 sat
963 2923 1035 3004 erit,
1073 2941 1145 2987 eum
1169 2943 1186 2988 e
1210 2941 1297 2987 more
1321 2941 1378 2986 suo

111 3033 265 3100 subtilius
288 3052 383 3114 quam
408 3033 519 3100 verius
542 3035 739 3117 disputasse,
775 3036 860 3117 qnod
884 3036 1145 3122 Synnerbcrgins
1170 3039 1380 3118 comprobare

110 3149 253 3232 videtur,
289 3167 361 3215 cum
384 3149 543 3216 Franckii
567 3149 764 3217 seutentiam
788 3152 935 3218 breviter
958 3155 1145 3234 complexus
1168 3155 1250 3220 baec
1274 3153 1378 3221 addit:

112 3265 190 3348 „Ita
213 3265 399 3346 disputarit
421 3265 616 3350 FranckiuS,
655 3267 707 3332 oui
730 3267 884 3334 assentiri
908 3269 1074 3350 ecquidem
1097 3287 1159 3334 nou
1185 3270 1378 3353 dubitarem,

111 3381 140 3445 si
179 3380 248 3446 ulla
294 3380 439 3463 vestigia
481 3382 523 3448 ad
566 3387 634 3448 tam
679 3383 830 3449 subtilem
874 3383 1148 3464 artificiosumque
1192 3384 1380 3465 disputandi

218 3654 226 3685 ¹
269 3654 311 3706 De
330 3655 501 3724 temporibus
521 3658 572 3706 etc.
590 3671 617 3724 p.
636 3653 678 3708 35.

216 3744 226 3775 ²
269 3744 452 3814 Synnerberg,
470 3760 496 3813 p.
515 3743 558 3797 33.

267 3833 336 3886 lbid.
355 3850 381 3903 p.
400 3833 433 3884 32
454 3848 495 3901 sq.

269 3920 297 3974 G.
310 3921 354 3974 Fr.
367 3921 518 3992 Hermann,
536 3920 577 3974 De
590 3921 733 3974 Juvenalis
753 3924 854 3975 satirae
873 3925 1007 3991 septimae
1025 3924 1204 3994 temporibus,
1224 3922 1380 3992 Gottingae,

268 4101 309 4154 De
328 4101 509 4170 temporibus,
527 4118 554 4170 p.
574 4100 607 4152 73
626 4116 667 4169 sq.

267 4191 329 4243 Vid.
348 4190 411 4242 infr.

217 4276 240 4345 7)
269 4278 452 4349 Synnerberg,
470 4296 498 4348 p.
516 4277 559 4331 26.

215 4365 239 4435 Β)
268 4366 306 4419 Ol.
325 4367 401 4438 ibid,
419 4384 445 4437 p.
465 4367 507 4419 33.

216 4453 241 4523 9)
269 4456 394 4509 Examen
412 4458 546 4527 criticum,
564 4473 591 4525 p.
611 4455 645 4508 76
664 4471 704 4525 eq.

216 3830 240 3900 ³)

214 3920 239 3989 ⁴)

110 4011 188 4080 1843,
207 4029 233 4081 p.
252 4010 277 4065 6.

216 4101 239 4168 ⁵)

215 4188 240 4257 ⁶)
