2992 4808
717 1432 805 1507 ΙΙ.

400 1642 467 1754 lle
505 1640 753 1753 luvenalis
791 1667 920 1753 anno
960 1640 1127 1752 natali.

685 1910 843 1924 ntvvvvvv*

236 2070 287 2135 De
309 2087 406 2150 ortuo,
430 2091 490 2151 qao
506 2070 672 2134 mivanatis
693 2075 789 2135 nutus
811 2074 863 2149 est,
888 2069 976 2136 vitae
1000 2068 1208 2136 dissentiunt.
1254 2070 1395 2139 Invita

131 2186 342 2251 Henniuiana
382 2204 453 2251 aum
494 2186 729 2268 „temporibus
774 2184 904 2252 Claudii
943 2181 1135 2270 (Neronis)“
1170 2190 1283 2251 natum
1322 2204 1395 2251 esse

130 2301 262 2384 legitur.
322 2302 501 2384 Probiana,
540 2301 745 2384 Donatiana‚
785 2302 1073 2384 Kulonkampiana
1105 2297 1393 2383 ‚,ootogenarium“

131 2437 148 2480 e
180 2418 252 2483 vita
283 2417 463 2483 decessisse
495 2418 637 2482 tradunt.
707 2416 830 2501 Quibus
860 2416 1056 2483 testimoniis
1084 2416 1188 2497 ipsius
1218 2415 1395 2483 Juvenalis

132 2534 231 2598 uerba
254 2533 506 2616 subiunguntur,
544 2534 596 2614 qui
619 2534 651 2598 iu
676 2533 771 2597 XIII
801 2533 905 2599 satira
934 2529 1226 2616 „sexagenarium‘
1256 2531 1394 2599 amicum

131 2666 232 2731 suum,
261 2649 420 2731 „Fonteio
451 2651 581 2715 consule
610 2646 754 2730 natum“‚
788 2655 947 2714 memorat
961 2645 994 2731 ¹).
1061 2650 1114 2713 De
1147 2648 1238 2713 ouius
1267 2649 1394 2714 nomina

130 2765 234 2829 adhue
272 2765 495 2832 controversia
540 2772 606 2846 est,
658 2785 727 2831 oum
766 2765 828 2829 duo
865 2766 986 2830 Fontei
1023 2764 1172 2830 eonsules
1217 2784 1395 2831 memoren-

76 2882 81 2890 '
130 2886 193 2962 tur,
218 2900 351 2960 quorum
374 2881 473 2963 alter,
506 2880 541 2946 O.
565 2880 726 2947 Fonteius
755 2880 889 2963 Capito,
922 2882 1032 2946 consul
1065 2898 1149 2946 anno
1180 2885 1220 2946 59
1253 2899 1283 2960 p.
1316 2878 1393 2947 Ohr.

130 3015 178 3075 m,
207 2996 292 3060 alter
322 3015 399 3062 vero
428 2998 467 3061 L.
491 2997 650 3063 Fonteius
678 2995 810 3078 Capito,
843 3016 926 3062 anno
959 2996 1035 3063 Ohr.
1069 3002 1108 3061 67
1137 2990 1245 3079 fuit2).
1306 2995 1395 3061 Mihi

133 3111 260 3190 quidem
285 3129 394 3176 eorum
418 3112 581 3179 sententia
603 3112 801 3195 probabilior
823 3112 965 3196 videtur,
990 3114 1044 3195 qui
1067 3112 1231 3179 consulem
1248 3112 1287 3178 L.
1306 3113 1392 3178 Fon·

132 3225 233 3290 telum
263 3225 453 3308 Capitonem
484 3249 503 3292 a
531 3234 629 3310 poeta
659 3229 822 3312 designari
850 3228 1025 3295 affirmant.
1081 3227 1167 3312 Quid
1195 3227 1303 3294 enim?
1358 3226 1394 3294 si

131 3343 235 3408 satira
266 3343 345 3426 XV,
375 3344 410 3408 in
439 3363 519 3427 qua,
549 3364 630 3424 quae
659 3341 803 3427 ‚,nuper“
837 3344 968 3410 consule
999 3344 1109 3411 Juneo
1138 3350 1235 3427 gesta
1263 3343 1331 3410 sint
1359 3362 1395 3409 se

130 3459 310 3525 relaturum
339 3459 487 3541 promitti
537 3457 683 3543 poeta³),
728 3478 792 3525 non
825 3465 901 3525 anto
929 3459 1023 3525 finem
1054 3478 1128 3526 ann.
1166 3465 1225 3525 127
1255 3479 1286 3540 p.
1316 3457 1392 3526 (ihr.

136 3617 374 3624 —.-—-.....—-
378 3619 451 3625 ...—

238 3721 261 3788 1)
288 3722 349 3774 Vrs.
368 3721 402 3774 16
422 3727 450 3774 et
468 3722 509 3774 17.

238 3811 261 3876 ²)
288 3811 417 3864 Theodor
433 3811 597 3864 ianssonius
617 3812 651 3864 ab
670 3811 857 3880 Almeloveen,
876 3809 982 3863 Fastor.
1000 3824 1105 3862 roman.
1126 3809 1314 3862 consularium
1332 3810 1394 3864 libr.

132 3900 194 3952 duo.
232 3900 384 3952 Amstelod.
403 3900 473 3951 1740
490 3918 516 3969 p.
536 3900 595 3952 121.
615 3931 648 3940 -
667 3900 755 3952 Alteri
775 3900 828 3953 duo
851 3900 949 3952 Fontei
969 3898 1131 3968 capitones,
1154 3901 1184 3950 in
1203 3899 1394 3953 consularibus

130 3989 209 4041 fastis
232 3991 385 4058 memorati,
411 3989 446 4040 ad
469 3993 630 4058 augusteam
654 3993 772 4041 aetatem
793 3989 929 4041 referendi
954 3992 1026 4041 sunt.
1075 3988 1136 4040 Vid.
1160 3988 1233 4041 Bart.
1259 3988 1394 4057 Borghesi

131 4079 244 4131 Intorno
264 4077 309 4131 all’
330 4077 373 4130 eta
392 4079 419 4129 di
439 4076 588 4130 Giovanale
606 4080 635 4129 in
655 4077 777 4130 Oeuvres
797 4077 1033 4147 complementum
1053 4077 1085 4147 V,
1108 4077 1194 4147 Paris,
1218 4076 1287 4129 1869
1305 4094 1332 4147 p.
1352 4076 1394 4130 76.

237 4165 260 4233 ³)
288 4167 349 4219 Vre.
370 4167 412 4219 27.
432 4197 465 4206 —
486 4167 634 4231 „Junoum“
654 4183 703 4235 pro
725 4167 842 4233 „Junio“
861 4166 945 4219 habet
961 4166 1131 4219 Pithoeanus
1151 4170 1179 4219 et
1198 4165 1300 4218 codicis
1319 4167 1393 4219 Vati·

133 4258 194 4308 eani
212 4257 385 4327 palimpsesti
403 4257 585 4325 fragmentum
605 4259 644 4322 (v.
662 4255 743 4325 Jahn,
761 4272 787 4325 p.
806 4255 881 4322 160).
923 4254 961 4307 Of.
976 4255 1100 4324 Straueh‚
1119 4255 1160 4307 De
1174 4256 1300 4324 personis
1312 4254 1394 4308 Juve-

131 4346 258 4415 nalianis‚
278 4344 433 4414 Gottingae,
451 4343 519 4396 1869
537 4362 563 4413 p.
576 4345 622 4397 41:
653 4345 821 4411 „Permirum
846 4349 889 4397 est
908 4344 981 4412 quod
999 4344 1084 4412 fuere,
1110 4345 1156 4412 qui
1174 4345 1290 4396 vitiosae
1308 4346 1393 4397 malo·

132 4451 194 4486 rum
218 4434 352 4487 librorum
375 4436 526 4504 scripturae
551 4434 666 4501 „Junio“
692 4435 754 4506 plus
779 4435 844 4487 fidei
866 4434 1004 4488 baberent
1020 4449 1109 4501 auam
1122 4435 1250 4500 autumas
1264 4435 1409 4480 aasabim·
