2992 4808
672 1431 796 1506 ΙΙΙ.

320 1645 386 1757 [to
424 1647 636 1755 auriono
675 1641 800 1753 exitii
837 1639 1155 1753 invenatiani.
1198 1676 1205 1688 ·

659 1919 818 1935 MAAW

211 2106 263 2170 De
290 2103 458 2170 Jaoeooto'e
486 2101 578 2166 exalto
610 2105 676 2165 tam
701 2097 791 2164 vitae
820 2093 1029 2175 dissentiunt,
1057 2097 1095 2159 ut
1123 2093 1229 2175 prima
1258 2093 1368 2159 fronte

104 2220 338 2288 nihilomnino
369 2218 451 2284 oerti
480 2217 519 2281 de
549 2235 588 2282 ea
611 2233 646 2279 re
676 2211 829 2280 constitui
857 2230 954 2293 posse
985 2209 1148 2277 videatur.
1200 2210 1240 2274 In
1264 2207 1368 2291 ipsius

104 2342 222 2420 poetae
262 2335 376 2401 satiris
412 2333 503 2399 nulla
539 2332 609 2398 fere
639 2331 734 2396 huius
764 2329 814 2395 rei
842 2326 985 2411 vestigia
1020 2331 1161 2393 exstant.
1218 2324 1259 2389 In
1288 2323 1369 2390 vitis

106 2471 185 2520 vero
202 2453 333 2518 diuersa
349 2449 634 2531 ‹tisorepantiaque
655 2446 837 2512 traduntur.
876 2446 933 2510 Ita
948 2444 1019 2511 vita
1037 2461 1055 2509 e
1072 2440 1368 2523 concavatione,

107 2587 127 2632 a
149 2568 366 2634 Mommsenio
390 2565 565 2650 descripta,
591 2563 763 2631 Claudium
787 2561 877 2628 exilii
900 2565 1067 2626 auctorem
1090 2559 1191 2626 fuisse
1212 2557 1365 2625 affirmat.

106 2685 187 2754 Vita
210 2682 410 2763 Aolraintrii‚
436 2701 518 2764 quae
542 2680 663 2747 dieitur
687 2677 878 2760 Omniboua,
907 2675 1044 2743 Traiani
1073 2694 1190 2741 nomen
1212 2694 1284 2741 oum
1306 2677 1369 2742 hae

108 2801 298 2883 quaestione
313 2799 490 2883 coniungit.
531 2797 696 2882 Quattuor
711 2813 799 2876 vero,
823 2791 1046 2874 Henniniana,
1068 2791 1367 2874 Kulenkampiana,

106 2915 238 2997 Divaei,
280 2916 484 2982 Ruehleiana
516 2914 741 2980 Domitianum
776 2908 867 2976 exilii
902 2914 1069 2974 auctorem
1102 2908 1280 2974 nominant.
1327 2907 1368 2974 Iu

108 3032 274 3098 Probiana
309 3032 410 3098 altum
435 3030 474 3095 de
498 3030 559 3097 hac
582 3051 618 3096 re
641 3027 806 3097 silentium
840 3030 900 3091 est.
960 3022 1065 3109 Quam
1100 3023 1156 3089 diu
1184 3022 1370 3089 exulaverit

107 3147 284 3215 Juvenalis
307 3147 386 3214 item
409 3147 443 3213 in
466 3147 591 3213 incerto
616 3153 675 3213 est.
735 3148 865 3214 Auctor
888 3149 986 3231 vitae,
1021 3166 1103 3229 quae
1132 3147 1370 3230 Kulenkampii

108 3264 238 3347 dieitur,
264 3271 395 3346 poetam
418 3284 438 3329 a
461 3264 650 3330 Domitiano
674 3283 775 3346 usque
800 3264 841 3330 ad
865 3264 1071 3331 Antoninum
1092 3263 1188 3330 Pium
1213 3263 1247 3329 in
1271 3264 1370 3330 exilio

108 3381 210 3446 vitam
233 3380 424 3462 produxisse
448 3380 597 3446 affirmat.
636 3382 733 3447 Duae
752 3381 850 3464 vitae,
875 3381 1042 3447 Probiana
1065 3385 1099 3445 et
1123 3379 1369 3464 Omnibouiaua,

108 3496 304 3561 Juvenalem
329 3496 439 3579 „intra
461 3495 690 3562 brevissimum
719 3502 847 3579 ternpus
871 3516 912 3563 ex
935 3499 1054 3564 mentis
1086 3493 1312 3581 aegritudine“
1335 3496 1370 3562 in

109 3613 206 3678 exilio
229 3614 298 3680 fato
322 3613 522 3680 concessisse
545 3618 691 3681 narrant.
730 3614 830 3681 Vitae
854 3633 932 3682 vero
955 3613 1169 3680 Henniniana
1192 3617 1226 3678 et
1246 3613 1368 3678 Donat'

110 3729 149 3794 de
172 3728 336 3796 Juvenale
360 3731 498 3796 Romam
532 3732 572 3795 ab
610 3729 708 3795 exilio
743 3749 875 3797 reverso
911 3733 1085 3796 testantur.
1143 3728 1184 3794 In
1217 3730 1279 3794 hoe
1307 3747 1370 3794 uno

109 3851 219 3912 tamen
258 3865 368 3912 omnes
407 3845 496 3911 vitae
535 3846 741 3928 conveniunt,
784 3846 982 3913 Juvenalem
1021 3850 1156 3927 propter
1194 3842 1372 3925 „quosdam

108 3959 247 4028 versus“
271 3961 305 4028 in
327 3961 481 4027 Paridem
503 3962 745 4044 pantomimum,
770 3963 825 4044 qui
849 3969 929 4028 tuno
944 3961 1100 4042 temporis
1124 3960 1210 4043 apud
1233 3961 1371 4042 impera·

109 4084 214 4144 torem
236 4078 408 4159 plurimum
433 4083 577 4160 poterat,
602 4078 784 4161 relegatum
808 4097 889 4144 esse.
935 4078 984 4144 Hi
1006 4076 1170 4160 versiculi,
1205 4077 1269 4159 qui,
1302 4075 1372 4142 sine

110 4193 216 4278 dubio,
241 4193 382 4276 speciem
407 4192 651 4278 epigrammatis
674 4213 753 4276 prae
777 4213 812 4261 se
835 4193 987 4261 ferebant
1000 4189 1035 4276 ¹),
1062 4192 1202 4274 primum
1224 4192 1259 4260 in
1282 4192 1372 4260 audi·

216 4441 241 4508 ¹)
268 4439 307 4496 cf.
325 4441 473 4511 Hermann,
491 4443 576 4512 praef.
595 4441 637 4494 ed.
656 4441 727 4511 Iun,
744 4459 771 4512 p.
790 4440 862 4496 VIII.
