2992 4808
644 282 853 374 „affl

113 491 291 575 silentium,
315 495 431 576 contra
453 488 691 574 Synnenbergii
702 483 736 572 ¹),
767 487 930 570 Stampini
941 484 978 571 ²),
1004 484 1179 571 (ibristii')
1205 486 1384 572 opiniones,

113 608 238 674 nullam
253 606 349 674 buius
364 605 413 673 rei
429 605 636 672 offensionem
652 607 810 687 praebere
826 609 945 687 potest.
984 604 1071 671 Nam
1087 623 1127 670 ex
1143 602 1197 669 his
1213 602 1384 670 Martialis

114 721 323 806 testimoniis
348 729 387 789 nt
401 722 595 791 Schwabins
617 741 721 805 nuper
743 721 927 789 rectissime
949 719 1085 804 monuit,
1109 719 1144 785 id
1168 720 1271 788 solum
1294 725 1385 785 recte

114 839 199 905 sumi
221 843 341 922 potest,
358 840 383 905 J
385 841 556 907 uvenalem
572 858 646 906 ann.
670 845 712 904 92
729 839 1277 905 et2101-102R0maeversatnm
1296 854 1384 917 esse;

117 972 219 1036 quare
235 953 317 1020 nihil
332 955 478 1038 impedit,
493 955 661 1037 quominus
673 954 806 1022 exilium
822 954 864 1021 ad
880 959 1027 1021 extrema
1039 951 1222 1019 Domitiani
1237 956 1386 1032 tempora

113 1063 339 1153 referamus⁴).
386 1070 439 1137 Ne
471 1065 698 1152 Stampinus⁵l
732 1069 861 1153 quidem
895 1075 930 1136 et
963 1067 1138 1137 Strackius
1151 1065 1178 1152 ⁰)
1210 1066 1380 1150 probandi,

113 1203 186 1251 cum
220 1204 261 1251 ex
294 1185 444 1252 Suetonii
467 1186 634 1268 Pliniique
665 1185 807 1253 Secundi
840 1186 879 1252 de
907 1185 1098 1253 Domitiano
1128 1183 1220 1250 exilii
1249 1187 1384 1250 auctore

113 1299 248 1367 silentio
272 1300 489 1383 suspicionem
517 1301 614 1368 huius
644 1302 693 1368 rei
720 1302 844 1369 moveri
873 1319 969 1384 posse
991 1299 1167 1367 affirmant.
1213 1299 1301 1366 Nam
1323 1317 1384 1365 nec

113 1415 271 1484 Aurelius
287 1417 413 1501 Victor,
437 1436 498 1484 nec
514 1417 634 1484 Aelius
650 1416 856 1501 Spartianus
880 1435 941 1483 nee
962 1416 1028 1482 Dio
1052 1415 1188 1482 Cassius
1210 1414 1382 1497 quicquam

117 1531 157 1598 de
180 1532 279 1598 exilio
302 1532 478 1600 Juvenalis
502 1535 562 1599 sub
584 1532 768 1616 Hadriano,
793 1551 886 1615 quem
910 1531 1101 1614 Stampinus
1117 1550 1176 1615 pro
1192 1531 1382 1597 Domitiano

112 1649 269 1732 proponit
278 1642 313 1732 ⁷),
341 1650 435 1716 nobis
458 1649 677 1716 tradiderunt.
723 1649 896 1716 Silentium
920 1668 1009 1733 vero,
1040 1648 1125 1732 quod
1148 1647 1325 1715 Suetonius
1348 1651 1384 1713 et

111 1764 243 1831 Plinius
269 1764 438 1832 Secundus
461 1764 502 1831 de
524 1764 585 1831 bac
608 1785 645 1832 re
668 1771 782 1850 agunt,
805 1767 903 1833 facile
926 1765 1156 1849 explicabitur,
1181 1764 1210 1832 si
1233 1763 1383 1830 memine-

112 1880 226 1964 rimus,
251 1887 451 1962 quantopere
467 1900 575 1947 rerum
596 1886 765 1965 gestarum
781 1881 960 1963 scriptores
976 1880 1207 1947 crudelitatum
1224 1879 1382 1962 temporis

115 1996 166 2062 sui
186 1997 294 2063 tristis
317 1996 537 2078 descriptione
560 1995 696 2081 fatigati
718 1996 843 2063 fuerint
853 1993 890 2077 ⁸).
938 1997 1069 2078 Operae
1092 1995 1234 2078 pretium
1257 2000 1310 2061 est
1330 1994 1382 2061 hic

117 2111 224 2180 Taciti
251 2114 352 2181 verba
380 2133 421 2180 ex
449 2113 627 2179 Annalium
661 2113 753 2180 libris
783 2113 917 2181 referre.
963 2113 1020 2179 Ita
1048 2113 1088 2180 de
1113 2111 1239 2179 Tiberii
1267 2115 1380 2179 aetate

114 2224 171 2313 (25
194 2249 225 2312 p.
250 2229 326 2295 Ohr.
351 2227 442 2313 ann.)
465 2229 546 2295 haee
572 2229 725 2313 legimus:
766 2229 874 2313 „Nam
897 2229 980 2295 situs
1003 2227 1165 2312 gentium,
1196 2227 1379 2296 uarietates

112 2345 323 2429 proeliorum,
347 2345 428 2412 clari
453 2347 569 2413 ducum
593 2345 701 2412 exitus
724 2347 869 2413 retinent
891 2366 930 2413 ae
953 2346 1183 2430 redintegrant
1200 2345 1379 2428 legentium

112 2461 271 2545 animum:
297 2481 356 2528 nos
372 2482 474 2529 saeva
488 2463 588 2547 iussa,
605 2462 778 2529 continuas
796 2461 1035 2546 accusationes,
1051 2462 1188 2529 fallaces
1204 2459 1379 2544 amicitiae,

111 2577 290 2660 perniciem
312 2577 532 2645 innocentium
557 2584 591 2644 et
613 2577 744 2644 easdem
768 2577 861 2645 exitii
884 2597 1000 2645 causas
1023 2578 1259 2662 coniungimus,
1284 2577 1381 2645 obvia

112 2712 222 2759 rernm
247 2693 461 2760 similitudine
484 2700 519 2760 et
541 2691 721 2761 sutietate“
736 2692 771 2778 ⁹).
818 2693 912 2761 Idem
943 2693 983 2760 de
1012 2693 1155 2761 Neronis
1179 2690 1380 2774 temporibus

113 2806 201 2894 (ann.
228 2808 298 2892 66):
323 2811 456 2894 „Etiam
474 2811 503 2876 si
517 2811 606 2876 bella
629 2817 766 2878 externa
781 2816 816 2878 et
831 2811 938 2878 obitas
960 2829 1020 2893 pro
1044 2831 1080 2878 re
1103 2810 1235 2892 publica
1257 2814 1380 2875 mortes

111 2929 209 2992 tanta
231 2944 363 2992 casuum
387 2926 600 2993 similitudine
622 2946 810 3009 memorem,
840 2945 954 3008 meque
976 2927 1081 3008 ipsum
1106 2925 1212 2993 satias
1236 2923 1380 3007 cepisset

115 3042 317 3124 aliorumque
340 3042 483 3109 taedium
508 3048 744 3126 exspectarem,
769 3016 918 3125 quamvis
940 3044 1094 3110 honestos
1118 3041 1239 3110 civium
1261 3041 1378 3124 exitus,

114 3159 228 3225 tristes
251 3163 362 3225 tamen
386 3164 421 3224 et
443 3158 615 3225 continuos
638 3159 871 3241 asperantium3
896 3164 933 3224 at
954 3177 1040 3226 nunc
1062 3156 1227 3240 patientia
1249 3155 1379 3224 servilis

114 3279 304 3356 tantumque
327 3273 498 3359 sanguinis
526 3274 611 3341 domi
634 3274 797 3357 perditum
820 3273 966 3360 fatigant
989 3276 1131 3342 animum
1154 3279 1189 3340 et
1211 3272 1379 3342 maestitia

217 3654 240 3721 ¹)
267 3656 349 3726 Ibid,
367 3673 394 3726 p.
413 3654 456 3707 86.

218 3744 241 3811 ²)
269 3746 298 3797 L.
317 3745 335 3797 l.
354 3762 381 3815 p.
400 3744 443 3798 40.

217 3831 240 3901 ³)
268 3823 343 3888 llber
362 3835 406 3887 die
424 3833 478 3887 Art
495 3835 553 3887 und
571 3835 699 3888 Tendens
719 3835 767 3888 der
784 3834 1000 3889 luvenalischen
1017 3834 1252 3906 Perscnenkritik,
1276 3835 1378 3890 Lenda·

109 3922 181 3976 kron
198 3925 229 3976 in
246 3924 382 3993 Bdhmen,
400 3923 469 3976 1881
488 3942 515 3995 p.
534 3925 577 3978 22.

215 4012 240 4080 ⁴)
268 4013 527 4084 Teuffel-Schwabe,
546 4013 625 4067 eom.
644 4013 942 4084 Liberat-(leschichte,
961 4013 987 4067 4.
1005 4013 1088 4085 Aue,
1106 4031 1133 4084 p.
1153 4013 1212 4068 757.

188 4130 192 4139 .
215 4101 239 4170 a)
266 4103 296 4156 1,
313 4103 333 4155 1,
350 4119 377 4172 p,
395 4101 440 4158 40,
980 4124 985 4139 .

215 4188 239 4259 ο)
266 4192 296 4244 1..
314 4191 333 4245 l.
351 4209 378 4263 p.
397 4191 440 4245 24.

216 4277 240 4347 1)
267 4280 350 4351 Ibid,
367 4298 395 4352 p.
413 4280 448 4334 43
467 4297 508 4350 aq.

215 4367 239 4438 ⁸)
271 4369 310 4423 Of.
329 4370 391 4425 libr.
410 4386 503 4424 meum
522 4370 556 4423 de
574 4371 672 4426 Juveu.
692 4377 743 4425 sat.
761 4373 858 4442 prima,
875 4387 902 4441 p.
920 4370 982 4424 11³.

214 4458 239 4528 ⁹)
266 4459 349 4530 nnn,
366 4459 413 4531 IV,
431 4459 474 4517 33.
