2992 4808
556 1483 900 1598 Praefatio.
989 1501 1007 1574 ὲ

678 1699 783 1714 Amvs

258 1809 344 1921 Gom
373 1853 449 1914 ante
475 1849 534 1914 hos
563 1851 718 1929 quattuor
746 1864 847 1912 annos
876 1846 916 1910 de
944 1843 1108 1911 Juvenale
1137 1845 1309 1910 scriberem
1321 1841 1356 1928 ¹),

102 1973 231 2056 accidit,
254 1979 292 2038 ut
310 1992 370 2039 nec
393 1974 432 2039 de
454 1972 524 2039 eius
547 1991 630 2039 anno
651 1971 755 2037 natali
771 1971 932 2051 exilioque
947 1971 1154 2052 quaestiones
1170 1989 1231 2036 nec
1247 1975 1358 2036 cetera

103 2097 234 2161 uberius
258 2096 505 2177 accuratiusque
528 2095 646 2178 exponi
669 2100 813 2178 possent.
844 2097 1041 2162 Retraotare
1064 2095 1168 2176 igitur
1192 2114 1261 2160 rem
1284 2113 1358 2161 eon·

103 2221 196 2286 stitui
210 2221 306 2300 idque
322 2239 360 2286 eo
375 2220 529 2287 libentius
542 2220 615 2304 feci,
632 2220 716 2301 quod
731 2221 809 2286 mihi
824 2239 882 2301 per
898 2218 1065 2285 duodecim
1082 2238 1183 2286 annos
1206 2219 1239 2284 in
1255 2218 1358 2285 Juve-

102 2345 186 2412 nalis
199 2344 374 2411 satirarum
387 2344 504 2411 studiis
514 2339 674 2422 uersato²)
685 2362 804 2427 eorum,
816 2362 899 2425 quae
910 2363 1012 2425 nuper
1025 2343 1154 2425 prolata
1164 2347 1248 2424 sunt,
1262 2361 1358 2423 quae·

102 2470 175 2535 dam
187 2470 291 2535 minus
306 2468 502 2537 videbantur
522 2468 654 2552 probari
669 2487 774 2549 posse.
799 2466 870 2551 Quo
886 2467 1052 2549 pertinent
1066 2464 1357 2550 Friedlaenderi³),

102 2591 273 2659 Weidneri
281 2587 324 2676 ⁴),
353 2593 515 2674 Stampini
524 2588 566 2677 ⁵),
589 2593 750 2659 hominum
774 2591 1048 2712 doctissimorum,
1073 2592 1113 2658 de
1135 2598 1251 2674 poetae
1274 2611 1358 2659 auno

208 2910 231 2978 ¹)
258 2911 290 2963 In
317 2911 387 2965 libro
411 2913 459 2980 qui
484 2911 623 2978 ῃ11666666
647 2927 749 2980 carnpa
771 2927 789 2962 n
812 2908 967 2963 lOnenauu,“
993 2909 1047 2978 (De
1070 2910 1202 2963 Juvenale
1224 2911 1358 2966 Romano·

101 3014 217 3068 rumque
234 3001 325 3070 satira,
342 3001 477 3069 Miteuiae,
494 2999 579 3068 1879)
596 3017 621 3070 p.
640 2999 780 3052 135-455
799 2999 962 3053 inscribitur.

208 3108 232 3174 2)
259 3108 348 3160 Liceat
375 3108 420 3160 hie
446 3108 574 3177 opuscula
601 3122 663 3160 mea
695 3107 729 3159 ad
759 3107 921 3159 iuvenalem
943 3108 1107 3177 pertinentia
1129 3109 1242 3160 referre:
1270 3109 1301 3176 1)
1318 3107 1360 3161 De

103 3195 133 3248 0.
157 3196 305 3250 Ribbeekio
335 3201 362 3248 et
399 3197 538 3249 luvenalis
573 3199 685 3266 saturis,
721 3211 790 3265 quae
825 3196 1050 3249 declamationum
1090 3199 1200 3249 nomine
1234 3198 1360 3250 feruutur

102 3286 213 3352 (Diurn.
238 3286 303 3337 Inst.
327 3285 425 3356 public.
449 3287 593 3356 Petropoli,
617 3285 686 3338 1872
708 3285 756 3338 Nr.
780 3284 805 3356 6,
834 3302 879 3355 pp.
903 3286 965 3353 73);
1001 3287 1031 3353 2)
1053 3284 1094 3338 De
1115 3273 1257 3340 luvenalis
1276 3289 1360 3340 satira

101 3377 190 3444 prima
221 3375 332 3446 (Rigae,
357 3375 425 3428 1875
456 3392 500 3445 pp.
527 3375 609 3443 140)·,
647 3375 678 3442 3)
702 3375 918 3427 Commentarius
952 3377 1059 3427 criticus
1089 3379 1115 3428 et
1144 3376 1296 3446 exegeticus
1325 3376 1360 3429 ad

101 3464 241 3517 luvenalis
269 3467 382 3518 satiram
408 3467 525 3534 primam
553 3465 664 3531 (Diurn.
682 3465 747 3516 lnst.
768 3465 868 3534 public.
889 3465 1032 3534 Petropoli,
1051 3464 1119 3517 1875
1137 3465 1184 3517 Nr.
1197 3465 1222 3534 3,
1240 3482 1283 3534 pp.
1296 3465 1359 3536 le),

102 3553 132 3620 4)
159 3553 374 3606 Commentarius
396 3556 503 3607 criticus
526 3558 552 3606 et
575 3556 727 3624 exegeticus
751 3553 785 3605 ad
806 3555 947 3607 luvenalis
970 3555 1082 3606 satiram
1109 3554 1253 3607 secundam
1281 3554 1358 3621 (ibid.

102 3641 235 3694 1876116.
255 3624 342 3712 app.
361 3643 425 3712 40),
443 3643 474 3710 5)
493 3642 534 3694 De
551 3657 582 3694 eo
601 3641 672 3711 quod
690 3657 828 3694 summum
847 3646 886 3695 est
903 3644 933 3694 in
950 3642 1090 3694 luvenalis
1108 3643 1206 3712 satiris,
1225 3644 1311 3695 oratio
1329 3644 1358 3694 in

101 3732 274 3783 universitate
291 3731 479 3785 Charcoviensi
496 3731 588 3785 habita
606 3730 644 3798 (V
646 3731 825 3801 oroneschiae,
844 3730 921 3801 1876,
939 3748 982 3801 pp.
1002 3732 1063 3799 11),
1090 3730 1120 3798 6)
1141 3731 1356 3784 Commentarius

101 3821 209 3872 criticus
226 3824 252 3873 et
270 3824 421 3891 exegeticus
439 3821 474 3872 ad
491 3820 630 3873 luvenalis
654 3822 766 3872 satiram
783 3822 893 3872 tertiam
911 3821 1021 3887 (Diurn.
1039 3821 1104 3873 lnst.
1123 3820 1196 3889 publ.
1215 3821 1359 3892 Petropoli,

101 3908 170 3962 1879
187 3910 235 3966 Nr.
254 3910 279 3979 3,
297 3927 341 3980 pp.
361 3910 423 3979 58),
443 3911 472 3977 7)
490 3911 531 3962 De
548 3909 689 3962 luvenalis
708 3911 765 3961 vita
783 3909 861 3977 (ibid.
880 3908 950 3963 1880
966 3909 1014 3962 Nr.
1032 3910 1058 3980 1,
1076 3926 1120 3979 pp.
1138 3909 1195 3977 38).

205 4014 230 4083 ³)
247 4017 406 4070 Dissertatio
416 4016 448 4069 (16
456 4017 596 4069 luvenalis
608 4019 680 4069 uitae
691 4016 865 4087 temporibus.
873 4015 956 4070 Aead.
965 4017 1028 4071 Alb.
1034 4016 1138 4088 Regim.
1148 4015 1358 4070 MDOOGLXXV

100 4105 133 4156 Π.
153 4105 222 4157 Vide
240 4106 361 4158 eiusdem
378 4105 574 4158 dissertationis
591 4107 717 4159 notitiam
734 4105 880 4159 abeodem
897 4108 1005 4158 auctore
1022 4105 1171 4160 exhibitam
1188 4107 1217 4158 in
1237 4105 1359 4173 ,labres-

99 4193 203 4247 bericht
219 4194 286 4248 iiber
304 4194 347 4246 die
369 4195 541 4247 Fortschritte
565 4195 612 4248 der
630 4195 790 4248 elassischen
808 4193 1190 4265 Alterthnmswiasensehaft“,
1215 4196 1358 4266 herausga-

101 4282 187 4352 geben
205 4298 260 4335 von
277 4282 305 4335 (1.
324 4283 449 4353 Bursian,
467 4282 514 4335 III.
532 4283 589 4354 Bd.,
608 4285 633 4335 2.
651 4300 678 4335 u.
697 4284 721 4335 3.
740 4283 834 4353 Jahrg.
853 4282 1036 4356 leue-1875,
1053 4283 1154 4354 Berlin,
1172 4302 1198 4354 p.
1211 4285 1358 4338 nou-209.

205 4387 230 4456 ⁴)
249 4389 281 4442 D.
300 4390 377 4442 lunii
394 4389 535 4444 ‚Iuvenalis
552 4391 672 4461 Saturae,
689 4391 809 4462 Leipzig,
827 4390 907 4444 1878.

205 4495 287 4562 ⁵)De
303 4497 445 4552 luvenalis
465 4498 538 4572 Vita,
558 4499 705 4574 Augustae
715 4499 927 4570 Taurinorum,
944 4497 1035 4550 1881,
1064 4491 1149 4544 uiue
1169 4489 1265 4537 eum
1290 4477 1422 4541 *Bm*

88 4583 117 4633 di
131 4583 267 4655 Filologia
285 4602 301 4639 e
319 4587 503 4646 d’lstruzione
525 4593 673 4667 classioa“,
691 4609 772 4648 anuo
786 4592 851 4664 lX,
873 4586 1012 4644 raucisono
1036 4583 1074 4634 d'a
1086 4578 1213 4631 lamb·
1224 4545 1451 4630 mbas&-
