2992 4808
619 263 829 351 „i-

93 469 208 550 potuit.
254 469 382 534 Deinde
398 468 572 535 Juvenalis
594 468 768 538 satirarum
791 467 925 549 scholia,
950 486 1084 548 quorum
1108 467 1351 533 fundamentum

93 590 240 651 veterum
275 583 559 667 grammaticorum
593 583 815 649 commentarii
844 584 908 648 iam
933 582 1098 648 Hadriani
1134 589 1191 648 aut
1213 581 1354 649 Antoni·

93 720 207 766 norum
230 704 341 766 aetate
364 699 478 781 scripti
507 698 639 764 fuerunt
653 694 685 782 ¹).
733 696 836 782 Quam
862 699 901 763 ob
926 719 994 764 rem
1018 698 1098 764 illud
1122 699 1215 763 nobis
1238 701 1354 779 proba-

93 817 254 882 tissimum
283 816 360 897 erit,
397 835 434 880 eo
462 815 533 895 ipso
568 820 713 895 tempore
742 833 804 895 quo
833 815 956 881 scholia
989 815 1088 880 etiam
1118 816 1234 881 breves
1265 816 1354 881 vitae

93 932 118 996 J
119 932 333 999 uvenalianae
351 930 585 1011 descriptiones
601 929 724 995 litteris
740 929 913 996 mandatas
930 949 1010 996 esse.
1051 929 1148 996 Nunc
1165 929 1193 995 si
1209 930 1352 995 conside-

93 1067 215 1130 remus,
240 1046 452 1127 Juvenalem,
476 1050 514 1111 ut
536 1044 623 1111 infra
646 1046 946 1129 demonstrabimus,
971 1045 1061 1112 intra
1090 1053 1150 1111 127
1177 1051 1211 1109 et
1238 1051 1296 1110 129
1321 1066 1352 1126 p.

94 1163 169 1229 Chr.
187 1183 259 1228 ann.
278 1167 439 1227 mortuum
456 1180 535 1243 esse,
558 1167 697 1244 nonest,
723 1181 779 1227 cur
802 1161 996 1242 dubitemne,
1015 1162 1101 1244 quin,
1127 1180 1188 1241 quo
1206 1165 1352 1240 tempore

94 1284 225 1344 veteres
241 1276 444 1359 grammatici
457 1282 491 1342 et
502 1277 698 1357 interpretes
711 1275 744 1341 in
763 1277 883 1343 satiras
898 1275 1146 1342 commentarios
1160 1276 1350 1359 scriberent,

96 1394 248 1459 memoria
263 1412 371 1459 rerum
386 1392 411 1456 J
414 1393 680 1458 uvenalianarum
696 1391 923 1458 recentissima
934 1391 1044 1474 fuerit,
1059 1391 1153 1456 falsis
1169 1391 1353 1456 rumoribus

95 1510 346 1593 commentisque
377 1510 517 1576 nondum
544 1509 720 1576 obliterata
743 1516 798 1576 aut
823 1514 1007 1576 obscurata.
1054 1511 1088 1576 N
1090 1530 1125 1575 ec
1146 1511 1354 1590 praetermit-

94 1626 226 1691 tendum
256 1632 320 1710 est,
351 1626 573 1708 diligentiores
603 1644 698 1706 quam
722 1625 857 1708 utquid
883 1632 1005 1691 temere
1030 1631 1127 1706 atque
1152 1645 1192 1691 ex
1215 1626 1352 1691 arbitrio

93 1741 215 1824 fingere
239 1741 396 1807 auderent
418 1741 519 1807 fuisse
542 1741 783 1808 vetustissimos
807 1741 983 1808 Juvenalis
1006 1743 1212 1825 interpretes,
1238 1748 1353 1824 utpote

94 1876 172 1936 quos
199 1856 280 1921 nihil
311 1876 352 1922 ex
380 1876 437 1922 suo
466 1856 585 1923 addere
614 1858 728 1922 solitos
757 1857 899 1942 vestigia
929 1857 1085 1939 simplicis
1119 1858 1353 1938 inornataeque

94 1971 251 2036 orationis
284 1972 448 2051 posterius
483 1973 609 2037 demum
637 1972 730 2038 falsis
759 1972 994 2038 additamentis
1025 1974 1225 2038 deformatae
1255 1980 1352 2054 atque

95 2091 266 2165 corruptae
282 2087 450 2153 evidenter
466 2087 642 2152 declarent.
680 2087 744 2154 Sed
757 2088 856 2153 etiam
873 2087 953 2152 illud
970 2089 1170 2153 monendum.
1207 2089 1352 2155 Strackii

96 2200 270 2283 sententia,
289 2220 394 2283 „saec
412 2203 449 2267 II
465 2208 499 2268 et
513 2203 571 2267 ΙΙΙ
584 2202 609 2266 J
611 2202 759 2269 uvenalis
776 2203 895 2269 satiras
913 2224 932 2269 a
948 2203 1171 2285 grammaticis
1183 2205 1354 2286 neglectas

94 2315 135 2382 iis
159 2319 393 2401 tantummodo,
408 2318 473 2402 vqui
495 2319 626 2403 legendi
647 2318 815 2400 voluptate
840 2324 1038 2401 tenerentur,
1062 2326 1158 2384 notas
1180 2319 1302 2386 luisse“
1315 2316 1352 2402 ²),

94 2439 128 2498 et
165 2453 285 2514 anceps
325 2441 358 2498 et
395 2435 570 2500 temeraria
608 2435 685 2500 mini
720 2434 860 2501 videtur.
906 2435 1051 2500 PrImum
1087 2435 1171 2499 enlm
1206 2441 1353 2501 veterum

94 2549 377 2628 grammaticorum
403 2549 435 2613 in
460 2548 656 2616 Juvenalem
681 2549 920 2632 commentarii,
953 2550 992 2616 de
1022 2551 1136 2630 quibus
1167 2569 1266 2631 supra
1288 2570 1353 2616 mo·

94 2662 239 2746 nuimus,
275 2665 394 2730 satiras
423 2663 514 2732 brevi
545 2670 620 2745 post
648 2669 785 2730 mortem
812 2670 928 2745 poetae
955 2664 1124 2730 lectitatas
1148 2684 1234 2746 esse,
1269 2667 1351 2730 satis

95 2780 329 2847 demonstrant.
377 2782 459 2847 Tum
494 2781 628 2847 eandem
662 2802 731 2848 rem
764 2781 1016 2864 insignissimum
1050 2781 1171 2847 codicis
1199 2780 1352 2862 rescripti

94 2896 311 2979 fragmentum
347 2899 387 2962 ab
422 2896 551 2978 Angelo
587 2897 681 2962 Maio
715 2903 877 2978 repertum
915 2897 1097 2961 luculenter
1135 2895 1303 2962 confirmat
1313 2893 1350 2979 ³).

96 3009 189 3094 Quod
211 3012 386 3079 iuvenalis
410 3011 533 3077 satIrae
549 3018 683 3092 quartae
708 3011 852 3077 decimae
874 3011 970 3076 finem
995 3017 1028 3076 et
1052 3009 1184 3090 quintae
1208 3010 1352 3076 decimae

95 3127 289 3208 principium
325 3127 509 3209 continens,
541 3147 612 3193 eanr
646 3127 734 3208 sapit
762 3127 1005 3208 antiquitatem,
1038 3131 1076 3190 ut
1106 3125 1352 3206 rescriptionem

95 3241 165 3307 eius
189 3241 230 3308 ad
254 3242 388 3307 tertium
410 3262 509 3324 usque
526 3244 688 3309 saeculum
705 3243 829 3308 referas
846 3262 979 3308 necesse
1003 3241 1048 3308 sit
1057 3235 1093 3323 4).
1134 3241 1224 3307 Idem
1242 3246 1352 3307 tamen

94 3357 128 3423 In
146 3357 263 3440 exiguo
279 3376 429 3424 versuum
446 3377 578 3423 numero
595 3362 663 3423 tarn
679 3357 853 3423 manifesta
869 3358 984 3423 menda
1001 3356 1175 3437 variasque
1193 3357 1351 3423 lectiones

95 3475 240 3556 exhibet,
263 3480 301 3540 ut
327 3473 392 3538 iam
416 3479 483 3539 tum
508 3473 648 3555 plurima
671 3479 788 3555 poetae
812 3474 1013 3554 exemplaria
1037 3474 1255 3554 plurimosque
1279 3472 1348 3538 eius

96 3588 293 3669 interpretes
323 3589 425 3654 fuisse
456 3589 684 3671 intellegamus
694 3584 730 3671 ⁵).
778 3587 871 3672 Quod
907 3589 1007 3671 satie,
1043 3595 1080 3654 ut
1111 3587 1206 3656 varia
1236 3588 1353 3653 menda

200 3881 223 3948 ¹)
254 3883 285 3934 E.
304 3882 440 3951 Matthias,
460 3882 500 3933 De
519 3860 630 3933 scholiis
649 3879 845 3950 Juvenalianis,
863 3879 1104 3949 Idolis-Saxonum,
1124 3878 1192 3931 1875
1216 3877 1285 3948 p.‚4
1310 3894 1350 3948 eq.

198 3972 222 4038 2)
250 3972 292 4024 De
312 3972 404 4040 exilio,
422 3988 448 4041 p.
468 3971 493 4022 6.

198 4059 221 4130 ³)
250 4060 336 4114 Closs.
356 4064 427 4112 auct.
446 4075 461 4111 e
479 4059 567 4112 VatIe.
586 4059 670 4111 codic.
690 4058 753 4111 edit.
773 4057 803 4111 Τ.
822 4059 878 4127 111,
897 4075 923 4127 p.
941 4058 1038 4110 XVIII.
1052 4087 1086 4098 -
1098 4057 1234 4127 Du-RIeu,
1253 4056 1350 4111 Schad.

92 4151 180 4203 Vatic.
198 4151 285 4220 Lugd.
304 4150 399 4205 Betav.
419 4148 496 4219 1860,
514 4166 540 4218 p.
559 4147 621 4200 131.

197 4238 222 4306 ⁴)
251 4239 279 4292 O.
317 4240 361 4291 Fr.
400 4239 546 4307 Hermann,
584 4239 627 4290 De
667 4237 807 4291 codicibus
851 4237 993 4291 iuvencus
1035 4243 1110 4290 recte
1151 4236 1351 4306 existimandis,

93 4328 248 4398 Gottingae,
266 4328 335 4380 1847
354 4346 380 4399 p.
400 4327 424 4380 6.

198 4417 221 4484 ⁵)
248 4418 395 4487 Hermann,
414 4417 479 4471 ibid.
497 4435 524 4487 p.
542 4415 567 4469 4.

1196 4508 1235 4556 X*
