2992 4808
726 161 766 223 10

637 247 847 256 ——.---—-

112 370 287 437 Juvenalis
325 370 376 437 rit
362 371 535 452 thuorin,
569 376 645 453 post
679 377 815 437 mortem
849 374 966 452 poetae
1006 370 1201 451 conscripta,
1241 388 1385 436 manare

110 485 265 568 potuisse.
317 486 404 572 Quid
436 488 544 554 euim?
582 488 678 555 Unde
709 490 789 554 haee
817 493 931 553 auctor
958 487 1100 553 mutuari
1130 492 1237 567 pott
1173 485 1264 552 tuit?
1306 485 1385 552 Nec

110 601 145 667 in
169 603 316 669 aliist
267 603 316 671 vit
317 603 346 669 is
368 623 427 670 nec
451 605 483 669 in
508 603 707 670 carminibus
734 610 850 685 poetae
880 623 996 668 nomen
1020 603 1189 669 Martialis
1221 601 1382 668 occurrit.

110 719 152 784 In
181 719 223 784 iis
251 738 339 799 vero,
373 739 455 800 quae
483 721 523 786 de
554 720 712 786 Martiale
742 721 775 786 iu
804 719 936 786 scholiis
970 717 1191 799 inveniuntur,
1224 717 1307 783 nihil
1339 717 1384 784 de

110 834 287 900 Juvenahs
311 853 381 899 cum
404 835 562 901 Martiale
591 835 821 902 familiaritate
849 835 936 901 inest
945 831 978 917 ¹).
1018 833 1090 899 Nec
1110 833 1383 914 praetermitten-

111 948 185 1014 dum
210 955 269 1031 est,
295 949 485 1016 Martialem
517 955 569 1015 ter
592 951 694 1016 solum
719 956 752 1016 et
775 950 809 1015 id
838 951 966 1031 quidem
993 950 1028 1015 in
1059 949 1182 1015 ultimis
1214 949 1382 1032 epigram·

111 1070 235 1131 matum
259 1065 353 1131 libris
376 1064 402 1131 J
403 1066 573 1132 uvenalem
598 1085 777 1131 memorare
786 1060 822 1147 2,)
847 1085 941 1147 quam
958 1068 998 1131 ob
1014 1084 1144 1130 causam
1163 1083 1225 1130 nou
1243 1082 1381 1144 possum

110 1200 176 1246 non
199 1181 373 1263 affirmare,
398 1179 455 1248 vix
478 1181 569 1247 vitae
594 1187 759 1246 auctorem
784 1182 823 1246 de
846 1180 1074 1247 familiaritate
1042 1179 1267 1259 teutriusque
1290 1179 1380 1244 redi·

112 1300 213 1376 tuque
235 1295 407 1362 Martialis
431 1297 598 1377 exipsius
623 1295 819 1362 carminibus
844 1295 1049 1377 comperIsse.

216 1412 256 1476 Iu
279 1411 414 1492 reliquis
439 1411 519 1476 vitis
542 1413 633 1477 nulla
657 1411 725 1478 iere
750 1411 833 1478 satis
857 1413 948 1478 clara
971 1431 1009 1478 ac
1032 1411 1191 1477 distincta
1221 1410 1379 1491 autiquae

111 1529 310 1595 narrationis
346 1528 489 1610 vestigia
526 1529 805 1610 deprehendimus.
871 1531 910 1594 In
949 1530 1030 1611 vita,
1071 1549 1154 1610 quae
1192 1527 1379 1594 Bodleiana

111 1644 239 1719 dicitur,
275 1646 336 1711 duo
361 1645 519 1712 eiusmodi
542 1646 685 1728 vestigia
708 1645 898 1728 reperimus,
932 1666 1065 1727 qnorum
1089 1666 1184 1712 uuum
1214 1648 1275 1711 hcc
1304 1651 1377 1710 est:

112 1761 214 1845 „Oum
239 1783 280 1828 ex
302 1760 433 1844 Aquino
457 1763 630 1844 municipio
654 1765 791 1829 Romam
815 1782 850 1828 se
878 1762 1072 1829 contulisset
1102 1771 1136 1828 et
1164 1762 1205 1828 ad
1234 1760 1381 1845 dignita·

112 1883 177 1943 tem
202 1880 364 1960 equestris
388 1877 510 1945 ordinis
533 1898 592 1945 sua
615 1879 740 1946 virtute
761 1879 932 1960 pervenire
948 1874 1184 1961 meruisset³)“.
1221 1876 1380 1942 Alterum

112 1993 154 2060 ad
181 1994 345 2061 Scoticam
368 2015 451 2075 quae
474 1994 595 2060 dieitur
619 1994 644 2059 J
646 1994 797 2061 uveualis
820 1993 970 2060 militiam
993 1987 1181 2076 refertum).
1213 1992 1381 2060 Videntur

111 2115 221 2176 tamen
241 2111 322 2176 haec
345 2109 451 2176 omnia
473 2109 571 2176 facile
593 2130 634 2175 ex
656 2111 768 2176 satIris
788 2110 892 2192 ipsius
914 2115 1030 2191 poetae
1051 2110 1244 2190 deprompta
1258 2127 1331 2173 esse
1339 2102 1379 2190 ⁵).

216 2224 308 2310 Quae
333 2225 446 2293 dehis
469 2225 645 2293 luvenalis
669 2228 748 2294 vitis
772 2227 864 2291 modo
889 2227 1039 2307 diximus
1065 2225 1177 2291 eadem
1206 2228 1306 2305 recte,
1338 2229 1382 2290 nt

112 2341 234 2423 opinor,
261 2343 303 2407 ad
325 2343 459 2407 alterum
482 2342 564 2406 vitoe
587 2342 653 2406 aas
676 2342 803 2425 fontem
834 2361 926 2422 quem
956 2342 990 2407 iu
1021 2340 1204 2422 fragmento
1237 2338 1380 2420 quodam

112 2457 376 2526 Schurzfleischii
385 2455 410 2537 2)
434 2463 533 2538 atque
556 2458 589 2522 in
614 2438 779 2523 nonnullis
796 2456 992 2523 scholiorum
1015 2449 1140 2539 lociis⁷)
1164 2454 1381 2536 deprehendi-

112 2594 191 2658 mus
216 2574 333 2640 referri
356 2579 493 2655 possunt
502 2570 538 2656 ⁸).

212 2699 363 2764 ,Tertium
385 2700 419 2765 in
443 2698 641 2765 testimoniis
661 2696 765 2779 ipsius
788 2700 904 2778 poetae
924 2695 1105 2762 invenimus
1115 2693 1150 2776 2),
1168 2714 1250 2776 quae
1267 2701 1378 2760 tamen

112 2814 193 2880 adeo
217 2833 324 2897 panca
347 2820 382 2882 et
405 2817 545 2896 abrupta
568 2819 653 2896 sunt,
678 2819 715 2879 ut
738 2814 933 2880 coniecturis
957 2832 997 2878 ex
1034 2811 1177 2893 antiquis
1204 2811 1284 2879 vitis
1323 2811 1377 2876 de-

112 2929 251 3010 sumptis
275 2936 404 3013 egeant.

219 3044 377 3124 Quartum
399 3044 433 3110 in
457 3043 705 3127 epigrammatis
729 3043 897 3109 Martialis
921 3043 1075 3108 habemus
1089 3038 1137 3122 22).

219 3443 241 3510 ¹)
269 3444 360 3497 Schol.
380 3444 415 3496 ad
439 3444 494 3497 Sat.
513 3445 560 3509 lv,
579 3442 626 3512 38,
659 3444 705 3512 ΙΙΙ,
725 3442 837 3495 162-
838 3442 967 3495 Probus
986 3440 1021 3493 ad
1040 3440 1095 3492 Sat.
1115 3439 1136 3503 Ι,
1156 3439 1204 3509 76,
1239 3440 1296 3508 vn,
1315 3439 1376 3492 130.

218 3533 241 3598 2)
268 3532 340 3585 Lihr.
361 3533 411 3583 VII
430 3549 472 3602 ep.
491 3531 526 3583 24
545 3536 573 3584 et
590 3531 638 3601 91,
665 3532 712 3584 lib.
732 3531 783 3583 XII
802 3547 844 3600 ep.
863 3529 906 3581 18.

217 3619 490 3691 )³Synnerberg,p
508 3621 575 3673 49-
580 3621 628 3690 503
657 3621 689 3672 cf.
709 3621 770 3672 infr.

215 3709 283 3777 ¹„)
287 3711 337 3763 suh
353 3711 465 3763 honoris
478 3714 558 3780 praet
559 3714 607 3762 ext
608 3726 626 3761 ιι
596 3711 709 3761 tfecit
728 3725 791 3761 eum
810 3710 970 3774 (tyrannus)
989 3709 1159 3776 praefectum
1171 3708 1266 3759 militis
1281 3711 1377 3759 eontra

111 3799 176 3852 Scot
166 3803 218 3869 tos,
238 3803 285 3868 qui
303 3799 407 3854 bellum
431 3805 527 3852 contra
545 3799 686 3851 Romanos
705 3803 862 3866 moverant,
886 3803 917 3849 ut
934 3797 973 3850 ibi
990 3798 1190 3861 interficeretur
1207 3794 1374 3848 Iuvenalis.“

217 3889 240 3955 ·)
269 3890 375 3958 Strach,
394 3906 419 3958 p.
439 3889 552 3941 24-25.
590 3887 628 3940 Cf.
648 3889 711 3939 infr.

216 3976 240 4044 2)
268 3978 300 4030 In
318 3979 403 4048 praef.
423 3979 550 4048 spicileg.
570 3981 663 4030 annot.
681 3978 710 4028 in
728 3976 791 4029 Iuv.
812 3977 887 4029 satir.
907 3975 1131 4029 Vinarine1717.

217 4065 240 4134 ¹)
268 4067 312 4119 Ad
332 4067 387 4119 Sat.
406 4067 427 4136 Ι,
447 4069 477 4137 1,
504 4066 551 4135 IV,
569 4065 617 4136 38,
644 4064 703 4134 vu,
721 4064 770 4135 92,
798 4065 856 4133 XV,
875 4065 923 4135 22,
950 4065 1020 4134 XVI,
1039 4065 1065 4118 3.

216 4154 240 4223 2)
268 4157 374 4226 Strach,
393 4174 420 4227 p.
439 4156 552 4209 17-20.
589 4156 772 4224 Synnerberg‚
790 4172 816 4224 p.
835 4154 878 4208 31.

216 4243 240 4314 ¹)
269 4245 308 4298 Os.
326 4247 388 4298 inlr.

219 4333 253 4403 ¹⁰)
282 4334 321 4389 Ol.
341 4351 416 4406 supr.
435 4351 497 4391 aun.
516 4335 542 4394 2.
