2992 4808
733 255 771 316 51

645 338 856 347 m

114 461 253 543 primum
278 461 447 527 observari
471 459 583 544 debet,
612 481 654 528 ne
684 461 827 545 vestigia
858 460 985 543 quidem
1017 461 1113 527 huius
1137 459 1229 527 exilii
1253 479 1388 542 usquam

114 576 265 660 reperiri.
299 578 387 643 Nam
409 577 486 657 quid
510 578 550 643 de
574 578 761 645 Probianae
785 579 987 659 aliarumque
1011 577 1154 644 vitarum
1180 576 1387 659 testimoniis

115 713 199 775 quae
235 713 347 760 ansam
383 692 474 760 exilii
509 693 551 759 ad
585 694 751 760 Hadriani
780 701 928 777 tempora
965 693 1181 775 detorquendi
1217 693 1386 775 dederunt,

114 811 311 876 oensendum
344 809 403 893 sit,
437 810 532 876 modo
557 810 709 878 diximus,
752 810 956 894 sampirus,
991 810 1208 876 Ribbeokium
1243 813 1386 890 seeutus,

115 926 303 992 testimonio
326 926 427 992 Probi
458 927 497 992 de
520 926 687 994 Juvenale
717 926 927 1011 octogenario
951 926 984 992 in
1009 925 1141 992 exilium
1167 927 1265 992 misso
1289 926 1387 1008 plane

114 1043 305 1110 assentitur.
353 1042 417 1110 Sed
441 1062 572 1126 causae,
606 1062 664 1109 666
693 1045 743 1110 ita
771 1043 812 1110 de
839 1043 903 1109 fine
925 1041 1113 1108 Probianae
1136 1042 1226 1108 vitae
1250 1041 1387 1125 iudicet,

114 1178 274 1241 nusquam
287 1159 390 1225 affert.
418 1157 525 1242 Adde,
540 1159 624 1239 quod
640 1158 773 1226 nimiam
790 1159 885 1225 fidem
898 1157 1095 1225 testimoniis
1108 1158 1210 1223 Probi
1224 1158 1387 1240 tribuens,

114 1275 238 1341 nullam
273 1275 342 1341 1666
377 1274 537 1342 rationem
573 1273 756 1342 Domitiani
792 1280 973 1357 temporum
1009 1279 1069 1340 aut
1098 1292 1210 1340 earum
1242 1275 1388 1343 vitarum

113 1391 238 1474 habuit,
256 1411 338 1472 quae
355 1391 394 1456 de
411 1391 435 1456 J
437 1391 587 1458 uvenalis
604 1393 741 1458 Romam
758 1390 868 1457 reditu
881 1390 1072 1457 clarissimis
1086 1389 1197 1457 verbis
1210 1395 1386 1456 testantur.

113 1507 243 1573 Deinde
266 1507 306 1573 de
322 1508 385 1573 fine
401 1507 490 1576 vitae
503 1507 813 1589 Knlenkampianae
822 1502 857 1592 ¹),
882 1526 975 1588 quem
991 1505 1182 1588 Stampinus
1199 1505 1387 1572 testimonio

113 1624 299 1689 Probianae
316 1623 405 1690 vitae
429 1624 573 1690 subsidio
597 1624 730 1692 vocavit
741 1619 778 1707 ²),
803 1623 1043 1690 observandum
1068 1627 1129 1706 est,
1155 1641 1292 1688 6616611
1316 1621 1389 1702 1666

112 1739 281 1806 Probiana
310 1742 395 1807 male
420 1739 593 1806 intellecta
618 1746 724 1806 ortum
750 1759 822 1806 esse
834 1737 869 1822 ³).
907 1739 956 1805 At
980 1738 1150 1820 iaciamus,
1178 1736 1387 1803 Hadrianum

114 1855 206 1923 exilii
234 1856 410 1923 Juveuatis
445 1862 611 1922 auctorem
645 1855 756 1922 161666.
809 1855 892 1921 Tum
928 1855 1048 1921 tertius
1083 1852 1259 1919 satirarum
1290 1853 1385 1935 liber,

118 1991 209 2053 quem
248 1992 359 2038 omnes
394 1991 467 2038 oum
502 1972 666 2054 prioribus
701 1973 921 2052 conscriptum
957 1971 1223 2052 temporibusque
1252 1968 1389 2036 Traiani

116 2086 203 2154 iutra
232 2108 306 2154 ann.
340 2094 400 2154 103
437 2094 472 2154 66
500 2086 667 2154 ineuntem
698 2086 938 2154 inremissam
962 2091 1113 2170 oensent,
1148 2087 1191 2153 ad
1224 2092 1388 2153 extremos

115 2203 282 2270 Hadriani
307 2223 409 2270 annos
439 2203 557 2269 referri
586 2203 693 2269 debet.
741 2201 813 2286 Quo
836 2204 925 2269 faoto
950 2221 988 2268 66
1012 2202 1118 2287 magis
1141 2203 1265 2269 nodosa
1289 2209 1388 2283 atque

118 2320 346 2387 intricatores
362 2320 428 2386 fiet.
464 2319 625 2401 Namque,
650 2324 688 2384 ut
703 2318 940 2402 Synnerbergii
963 2320 1075 2388 verbis
1099 2324 1184 2402 utar,
1210 2339 1267 2402 „re
1291 2320 1388 2386 etiam

114 2455 175 2517 per
198 2457 233 2503 66
250 2436 461 2503 considerata
475 2441 603 2502 tautam
619 2436 775 2517 temporis
799 2435 990 2502 distantiam
1013 2436 1101 2502 inter
1116 2435 1263 2501 ultimam
1288 2435 1389 2518 serip-

114 2554 197 2619 16616
221 2573 350 2621 liranum
379 2552 621 2634 carminumque
651 2552 826 2619 editionem
855 2552 1080 2636 interponere,
1115 2558 1152 2617 ut
1184 2553 1305 2617 satiras
1328 2554 1389 2618 sub

114 2669 210 2736 initia
220 2669 356 2737 Traiani
371 2669 574 2751 66666616666
588 2674 664 2750 6666
677 2669 904 2752 duodeviginti
918 2688 1076 2735 annorum
1093 2667 1202 2750 spatio
1215 2669 1388 2735 Hadriano

114 2786 297 2868 imperante
322 2786 356 2851 in
379 2785 484 2851 lucem
508 2785 615 2851 editas
639 2804 711 2851 esse
736 2785 915 2865 credamus,
940 2784 997 2852 vix
1020 2788 1274 2851 cousentaneum
1298 2783 1388 2852 vide·

114 2896 272 2985 bitur“⁴).
320 2901 404 2966 Tum
436 2901 762 2968 animadvertendum
793 2906 859 2983 est,
892 2899 968 2966 libri
999 2900 1108 2980 quarti
1141 2900 1279 2985 satiras,
1308 2920 1388 2982 quas

118 3021 177 3085 sub
209 3017 382 3085 Hadriano
418 3019 560 3100 scriptas
594 3038 666 3086 esse
697 3024 823 3085 eertum
862 3023 927 3101 est,
961 3022 1028 3084 tam
1065 3016 1227 3084 diversum
1272 3035 1389 3098 sapere

116 3136 259 3200 furorem
283 3133 468 3218 satiricum,
500 3139 538 3201 66
567 3135 740 3217 septimam
763 3134 900 3200 satiram
924 3133 1046 3199 maiore
1070 3132 1247 3199 intervallo
1272 3133 1313 3199 ab
1339 3132 1388 3198 eis

115 3253 230 3317 abesse
255 3256 414 3332 appareat
425 3247 463 3334 ⁵).
514 3251 704 3333 Stampinns
735 3257 769 3317 et
784 3250 859 3316 huie
883 3249 933 3315 rei
957 3268 1129 3315 occurrere
1155 3249 1289 3330 studuit,
1315 3267 1387 3314 oum

113 3369 258 3434 natalem
270 3373 387 3449 poetae
400 3368 441 3434 ad
454 3388 528 3434 aun.
540 3389 570 3450 p.
583 3367 658 3434 Ohr.
675 3387 706 3434 n.
721 3369 761 3432 57
777 3387 817 3432 ex
826 3365 965 3432 arbitrio
977 3367 1169 3448 detorquere
1183 3385 1247 3431 non
1258 3365 1386 3432 dubita-

114 3481 263 3567 visset⁰).
310 3484 375 3551 Sed
388 3484 526 3566 primum
543 3484 685 3567 minima,
703 3489 741 3548 ut
757 3483 821 3549 iam
839 3503 938 3565 66666
955 3482 1171 3566 exposuimus,
1188 3481 1275 3547 ratio
1292 3481 1387 3548 huius

115 3600 299 3666 sententiae
315 3600 466 3683 indagari
483 3601 596 3683 possit.
643 3599 773 3666 Deinde
797 3600 826 3665 si
842 3599 1041 3667 iuvenalem
1052 3597 1219 3664 Hadriani
1235 3599 1387 3679 tempori-

114 3717 173 3782 bus
189 3716 231 3782 ad
248 3717 370 3783 6661666
394 3717 583 3783 scribendas
600 3717 808 3798 edendasque
831 3735 866 3781 se
889 3714 1051 3797 apliensse
1075 3714 1298 3796 statuerimus
1322 3733 1387 3779 non

221 3994 243 4060 ¹)
264 3993 408 4059 „Decessit
426 3992 510 4061 longo
530 3993 608 4045 senio
627 3992 769 4044 6611166666
790 3989 856 4043 exul
876 3988 1018 4041 Antonino
1038 3989 1087 4039 Pio
1106 3988 1297 4056 imperatore.“

219 4083 243 4151 2)
262 4083 406 4152 Stampini,
424 4098 451 4151 p.
469 4081 513 4134 54.

218 4169 242 4240 ³)
262 4172 446 4240 Synnerberg,
464 4188 491 4240 p.
510 4170 553 4222 32.
590 4168 629 4223 ot
649 4185 724 4239 supr.
743 4186 770 4238 p.
790 4167 815 4221 8.

218 4259 243 4327 ⁴)
263 4262 446 4330 Synnerberg,
467 4277 494 4330 p.
514 4259 556 4314 78.

220 4351 243 4417 ⁵)
263 4351 370 4421 Sraek,
389 4368 415 4420 p.
435 4350 478 4401 30.

219 4438 243 4506 ⁶)
263 4441 291 4492 L.
310 4441 329 4492 l.
347 4458 374 4510 p.
392 4439 427 4492 19
449 4442 477 4491 66
495 4439 538 4490 51.
