2992 4808
773 169 791 227 2

676 252 886 260 ——m

252 377 305 442 De
328 376 450 459 origiue
473 376 614 442 omnium
632 375 746 442 harum
761 377 904 444 vitarum
921 377 991 457 hoc,
1016 379 1053 440 ut
1069 373 1191 456 opinor,
1216 380 1305 440 11111
1324 374 1419 440 affir-

148 492 230 558 mari
245 497 363 575 potest,
389 512 445 558 eas
461 512 479 557 1
496 492 633 572 quodam
649 492 873 558 vetustissimo
892 491 993 571 fonte,
1019 509 1080 570 quo
1096 509 1150 555 res
1165 488 1190 554 J
1193 490 1419 556 uvenalianae

148 608 406 690 continerentur,
429 627 513 674 nunc
537 607 716 690 deperdito,
734 607 866 673 fluxisse
884 625 1004 672 omnes,
1048 605 1283 688 Synnerbergii
1300 613 1420 671 autem

148 724 312 790 sententia
328 725 408 790 haec
424 729 475 789 est
493 724 631 806 „omnia
648 743 731 804 quae
749 724 790 790 ad
805 723 896 790 vitae
909 723 933 787 J
935 723 1084 790 uvenalis
1100 721 1250 787 notitiam
1267 721 1420 802 pertine-

146 844 229 922 rent,
255 839 358 920 primo
375 840 409 905 in
425 837 662 919 antiquissimis
687 839 928 905 commentariis
945 839 987 903 ad
1009 838 1129 904 satiras
1147 835 1226 919 eius,
1252 836 1419 918 imprimis

146 954 284 1037 primam
300 960 334 1022 et
354 956 535 1037 septimam,
560 955 698 1038 singulis
722 955 803 1020 locis
827 959 985 1021 annotata
1007 954 1124 1033 fuisse;
1152 954 1236 1018 uude
1259 972 1279 1017 a
1303 959 1419 1033 poste·

146 1072 286 1137 rioribus
309 1071 532 1154 grammaticis
549 1076 584 1135 et
600 1071 787 1136 scholiastis
808 1071 947 1136 collecta
970 1074 1067 1150 atque
1091 1069 1124 1134 in
1149 1088 1246 1134 unum
1271 1069 1419 1134 conflata

147 1187 305 1268 paulatim
320 1187 354 1252 in
364 1187 515 1270 vitarum,
529 1187 642 1268 quales
658 1205 742 1252 nuno
758 1187 923 1267 babemus,
935 1186 1057 1250 formas
1073 1181 1266 1250 transiisse“
1282 1180 1312 1266 ¹).
1332 1185 1421 1252 Alia

147 1303 312 1368 sententia
350 1308 401 1367 est
437 1303 599 1367 hominum
635 1301 894 1367 doctissimorum
933 1300 1092 1366 Franckii
1101 1296 1143 1383 ²),
1183 1299 1417 1384 Duentzeri³),

147 1411 333 1500 Kompfii4),
347 1417 495 1484 Strackii
504 1413 540 1500 ⁵),
555 1418 609 1498 qui
626 1417 720 1482 tidem
735 1418 877 1482 vitarum
890 1418 1021 1482 elevare
1039 1415 1148 1481 conati
1161 1435 1217 1482 eas
1231 1436 1270 1481 ex
1283 1416 1419 1496 quibus·

147 1534 221 1598 dam
248 1533 391 1598 locorum
417 1532 746 1614 interpretationibus
773 1538 863 1598 ortas
889 1537 1084 1597 statuerunt.
1124 1531 1246 1598 Neutri
1269 1533 1417 1612 opinioni

146 1650 243 1732 plane
266 1649 419 1715 assentiri
438 1668 579 1730 possum.
616 1649 701 1713 Nam
719 1648 752 1712 in
766 1649 854 1731 vitis,
872 1667 954 1728 quae
966 1666 1052 1714 nunc
1065 1652 1207 1729 exstant,
1225 1647 1310 1712 haud
1334 1667 1416 1712 raro

148 1765 304 1831 eiusmodi
320 1763 508 1830 testimonia
524 1764 803 1845 deprehendimus
821 1782 903 1843 quae
919 1764 1007 1828 nullo
1024 1764 1117 1828 morlo
1137 1783 1178 1828 111
1194 1763 1416 1828 annotationi-

147 1881 206 1946 bus
229 1881 271 1947 ad
295 1881 440 1964 singulos
463 1900 578 1947 versus
602 1880 681 1945 oriri
704 1881 858 1962 potuisse,
884 1879 992 1959 quivis
1017 1880 1180 1945 corroedet.
1234 1878 1326 1963 Quae
1349 1899 1416 1946 non

147 1995 252 2062 solum
276 1996 471 2062 coniecturis
495 1997 534 2061 de
558 1997 684 2080 origine
711 1997 911 2080 singularum
936 1997 1089 2076 vitarum,
1115 1995 1292 2061 sedetiam
1318 2015 1415 2079 argu-

147 2112 265 2178 mentis
282 2131 322 2177 ex
337 2111 475 2177 historia
491 2117 703 2192 veterumque
720 2118 888 2177 auctorum
913 2111 1109 2177 testimoniis
1132 2111 1246 2193 petitis
1269 2130 1411 2191 compro·

146 2227 218 2293 bari
236 2227 469 2308 explanarique
486 2246 591 2309 posse,
616 2226 703 2291 infra
726 2228 918 2293 videbimus.
954 2227 1052 2301 Num
1068 2228 1128 2292 hoc
1145 2228 1289 2291 monebo.
1327 2227 1413 2293 Utut

147 2362 220 2410 sese
243 2364 296 2410 res
320 2345 359 2409 de
384 2343 508 2426 origine
533 2343 734 2424 singularum
757 2344 898 2411 vitarum
928 2345 1042 2424 habet,
1074 2363 1135 2408 non
1161 2349 1225 2425 est,
1256 2343 1340 2424 quod
1365 2344 1415 2408 eis

147 2480 272 2528 omnem
295 2460 390 2526 fidem
414 2460 708 2539 auctoritatemque
733 2461 935 2541 abrogemus
960 2478 1032 2524 oum
1052 2457 1323 2524 verisimillimum
1357 2460 1415 2540 sit,

146 2577 210 2649 iam
227 2576 303 2641 inde
319 2578 359 2641 ab
377 2574 521 2656 antiquis
547 2575 745 2656 temporibus
770 2574 798 2640 si
821 2575 926 2639 minus
949 2574 1098 2657 integras
1116 2573 1290 2639 Juvenalis
1311 2573 1414 2656 vitas,

147 2695 284 2756 atcerte
299 2693 418 2756 breves
435 2690 523 2756 vitae
539 2690 745 2754 narrationes
763 2690 939 2755 exstitisse.
959 2689 1073 2770 Atque
1089 2687 1270 2770 Strackius,
1286 2687 1415 2752 nullam

146 2805 241 2870 fidem
266 2807 407 2871 vitarum
432 2806 674 2870 narrationibus
691 2805 872 2870 habendam
890 2824 961 2869 esse
978 2805 1139 2887 opinatus,
1165 2824 1220 2869 eas
1237 2822 1256 2867 a
1273 2803 1413 2883 quodam

149 2921 468 3002 „horrrinepraepost
470 2917 547 2986 ero“
578 2921 680 3002 script
678 2917 908 3002 1111111111.)
944 2919 1064 2986 Audio
1111 2918 1161 2985 At
1147 2926 1260 2985 tmea
1283 2917 1415 2999 quidem

147 3037 312 3102 sententia
338 3037 419 3101 haec
451 3042 517 3118 est,
554 3035 652 3101 etiam
686 3035 866 3118 „hominem
902 3042 1057 3117 praepost
1060 3032 1180 3126 erum‘·',
1218 3053 1289 3099 cum
1323 3033 1415 3100 vitas

147 3153 314 3235 scriberet,
340 3172 393 3218 res
417 3173 434 3218 e
458 3152 593 3234 quodam
616 3152 841 3232 antiquissimo
865 3152 975 3218 libello
1000 3170 1085 3216 nuno
1108 3150 1271 3216 oblivione
1296 3152 1412 3215 obruto

146 3268 278 3334 haurire
302 3269 459 3351 potuisse.
507 3268 567 3334 Oui
590 3267 638 3333 rei
662 3267 817 3349 maximo,
843 3274 880 3332 ut
904 3267 1032 3348 opinor,
1059 3267 1249 3332 documento
1272 3267 1411 3348 primum

147 3388 223 3450 sunt
239 3385 381 3450 vitarum
402 3384 677 3466 narratiunculae,
703 3403 783 3464 quas
797 3383 855 3449 vix
873 3403 912 3448 ex
928 3381 1057 3466 ingenio
1076 3382 1245 3461 quisquam
1263 3381 1410 3462 arripere

253 3630 275 3697 ¹)
303 3630 484 3699 Synnerberg,
497 3630 539 3682 De
552 3630 722 3699 temporibus
736 3631 807 3681 vitae
823 3631 1027 3697 carminumque
1040 3630 1073 3681 D.
1087 3629 1110 3682 J.
1121 3631 1272 3699 luvenalis,
1282 3631 1410 3698 Helsing·

146 3721 254 3788 lorsiae,
273 3717 343 3770 1866
361 3736 387 3788 p.
407 3718 431 3770 9.

252 3809 275 3874 ²)
303 3809 427 3860 Examen
447 3809 571 3859 criticum
590 3807 623 3862 D.
642 3807 666 3859 J.
684 3807 827 3860 luvenalis
847 3809 933 3875 vitae,
958 3807 1077 3859 Δ1110111
1097 3812 1124 3860 11
1142 3809 1259 3876 Lipsiae,
1278 3805 1356 3857 1820.
1375 3837 1410 3848 -

147 3896 277 3963 Quaestio
298 3897 436 3950 alterode
456 3899 514 3949 vita
530 3896 681 3966 luvenalis,
700 3897 825 3966 Dorpati,
845 3896 922 3948 1827.

252 3984 275 4053 ³)
304 3987 380 4039 Neue
398 3986 492 4039 Jahrb.
512 3985 606 4055 Suppl.
626 3986 675 4037 Bd.
695 3985 732 4037 VI
750 4003 776 4055 p.
795 3985 943 4038 374-379.

250 4073 275 4142 4)
304 4074 518 4128 Observationes
531 4077 559 4127 iu
572 4075 713 4127 «Iuvenalis
728 4076 835 4142 aliquot
847 4074 924 4127 locos
938 4075 1169 4144 interpretandos,
1184 4074 1312 4143 Berolini,
1331 4074 1409 4129 1843.

252 4164 274 4229 ⁵)
302 4164 343 4216 De
356 4163 497 4216 luvenalis
508 4164 600 4233 exilio,
609 4163 758 4216 Frankfurt
767 4179 811 4215 am
821 4163 979 4234 Main,1880
990 4165 1164 4234 (Programm
1175 4163 1223 4216 des
1231 4161 1408 4231 Gymnasium

145 4252 359 4304 Fridericiauum
378 4268 412 4304 zu
431 4253 582 4317 Laubaoh).

250 4340 275 4406 ⁶)
295 4341 334 4392 De
353 4341 496 4393 luvenalis
515 4343 609 4410 exilio,
626 4358 653 4411 p.
672 4341 714 4397 13.
