<?xml version="1.0" encoding="UTF-8"?>
<!DOCTYPE html PUBLIC "-//W3C//DTD XHTML 1.0 Transitional//EN"
    "http://www.w3.org/TR/xhtml1/DTD/xhtml1-transitional.dtd">
<html xmlns="http://www.w3.org/1999/xhtml" xml:lang="en" lang="en">
 <head>
  <title>
</title>
<meta http-equiv="Content-Type" content="text/html;charset=utf-8" />
  <meta name='ocr-system' content='tesseract 3.04.00' />
  <meta name='ocr-capabilities' content='ocr_page ocr_carea ocr_par ocr_line ocrx_word'/>
</head>
<body>
  <div class='ocr_page' id='page_1' title='image "./dejuvenalisvita00nagugoog_0076.png"; bbox 0 0 2992 4808; ppageno 0'>
   <div class='ocr_carea' id='block_1_1' title="bbox 706 303 746 363">
    <p class='ocr_par' dir='ltr' id='par_1_1' title="bbox 706 303 746 363">
     <span class='ocr_line' id='line_1_1' title="bbox 706 303 746 363; baseline -0.025 0"><span class='ocrx_word' id='word_1_1' title='bbox 706 303 746 363; x_wconf 88' lang='grc'>63</span> 
     </span>
    </p>
   </div>
   <div class='ocr_carea' id='block_1_2' title="bbox 86 505 1364 3848">
    <p class='ocr_par' dir='ltr' id='par_1_2' title="bbox 88 505 1364 1059">
     <span class='ocr_line' id='line_1_2' title="bbox 90 505 1363 595; baseline -0.001 -17"><span class='ocrx_word' id='word_1_2' title='bbox 90 529 151 578; x_wconf 86' lang='lat' dir='ltr'>sua</span> <span class='ocrx_word' id='word_1_3' title='bbox 174 508 299 576; x_wconf 89' lang='lat' dir='ltr'>virtute</span> <span class='ocrx_word' id='word_1_4' title='bbox 322 510 475 591; x_wconf 82' lang='lat' dir='ltr'>pervenit</span> <span class='ocrx_word' id='word_1_5' title='bbox 487 505 526 593; x_wconf 83' lang='lat'>¹);</span> <span class='ocrx_word' id='word_1_6' title='bbox 552 509 587 576; x_wconf 94' lang='lat' dir='ltr'>iu</span> <span class='ocrx_word' id='word_1_7' title='bbox 602 511 794 595; x_wconf 87' lang='lat' dir='ltr'>Aegyptum</span> <span class='ocrx_word' id='word_1_8' title='bbox 816 529 895 578; x_wconf 87' lang='lat' dir='ltr'>vero</span> <span class='ocrx_word' id='word_1_9' title='bbox 920 529 1000 593; x_wconf 88' lang='lat' dir='ltr'>„per</span> <span class='ocrx_word' id='word_1_10' title='bbox 1022 512 1176 576; x_wconf 84' lang='lat' dir='ltr'>honorem</span> <span class='ocrx_word' id='word_1_11' title='bbox 1202 507 1363 577; x_wconf 86' lang='lat' dir='ltr'>militiae“</span> 
     </span>
     <span class='ocr_line' id='line_1_3' title="bbox 90 626 1364 711; baseline -0.001 -17"><span class='ocrx_word' id='word_1_12' title='bbox 90 647 110 694; x_wconf 90' lang='lat' dir='ltr'>a</span> <span class='ocrx_word' id='word_1_13' title='bbox 133 626 325 693; x_wconf 88' lang='lat' dir='ltr'>Domitiano</span> <span class='ocrx_word' id='word_1_14' title='bbox 349 626 519 707; x_wconf 89' lang='lat' dir='ltr'>relegatus</span> <span class='ocrx_word' id='word_1_15' title='bbox 544 634 604 694; x_wconf 87' lang='lat' dir='ltr'>est.</span> <span class='ocrx_word' id='word_1_16' title='bbox 651 626 723 711; x_wconf 80' lang='lat' dir='ltr'>Quo</span> <span class='ocrx_word' id='word_1_17' title='bbox 746 627 869 694; x_wconf 88' lang='lat' dir='ltr'>factum</span> <span class='ocrx_word' id='word_1_18' title='bbox 894 631 961 709; x_wconf 91' lang='lat' dir='ltr'>est,</span> <span class='ocrx_word' id='word_1_19' title='bbox 985 631 1038 710; x_wconf 90' lang='lat' dir='ltr'>ut,</span> <span class='ocrx_word' id='word_1_20' title='bbox 1065 646 1135 692; x_wconf 90' lang='lat' dir='ltr'>cum</span> <span class='ocrx_word' id='word_1_21' title='bbox 1160 627 1272 694; x_wconf 89' lang='lat' dir='ltr'>taedio</span> <span class='ocrx_word' id='word_1_22' title='bbox 1297 646 1364 693; x_wconf 90' lang='lat' dir='ltr'>ser·</span> 
     </span>
     <span class='ocr_line' id='line_1_4' title="bbox 88 741 1364 825; baseline 0.001 -16"><span class='ocrx_word' id='word_1_23' title='bbox 88 742 166 810; x_wconf 87' lang='lat' dir='ltr'>vitii</span> <span class='ocrx_word' id='word_1_24' title='bbox 199 741 316 808; x_wconf 92' lang='lat' dir='ltr'>urbani</span> <span class='ocrx_word' id='word_1_25' title='bbox 352 748 530 809; x_wconf 89' lang='lat' dir='ltr'>commotus</span> <span class='ocrx_word' id='word_1_26' title='bbox 565 744 654 810; x_wconf 89' lang='lat' dir='ltr'>intra</span> <span class='ocrx_word' id='word_1_27' title='bbox 681 745 815 812; x_wconf 85' lang='lat' dir='ltr'>Nervae</span> <span class='ocrx_word' id='word_1_28' title='bbox 851 748 886 810; x_wconf 92' lang='lat' dir='ltr'>et</span> <span class='ocrx_word' id='word_1_29' title='bbox 913 742 1051 811; x_wconf 77' lang='lat' dir='ltr'>Traiani</span> <span class='ocrx_word' id='word_1_30' title='bbox 1077 742 1298 825; x_wconf 83' lang='lat' dir='ltr'>principatum</span> <span class='ocrx_word' id='word_1_31' title='bbox 1329 745 1364 810; x_wconf 91' lang='lat' dir='ltr'>in</span> 
     </span>
     <span class='ocr_line' id='line_1_5' title="bbox 89 858 1363 945; baseline 0.001 -20"><span class='ocrx_word' id='word_1_32' title='bbox 89 858 300 925; x_wconf 77' lang='lat' dir='ltr'>Britanniam</span> <span class='ocrx_word' id='word_1_33' title='bbox 325 878 385 925; x_wconf 89' lang='lat' dir='ltr'>sua</span> <span class='ocrx_word' id='word_1_34' title='bbox 407 863 525 940; x_wconf 89' lang='lat' dir='ltr'>sponte</span> <span class='ocrx_word' id='word_1_35' title='bbox 547 859 715 941; x_wconf 86' lang='lat' dir='ltr'>profectus</span> <span class='ocrx_word' id='word_1_36' title='bbox 739 864 842 945; x_wconf 90' lang='lat' dir='ltr'>esset,</span> <span class='ocrx_word' id='word_1_37' title='bbox 867 861 1017 926; x_wconf 90' lang='lat' dir='ltr'>tribunus</span> <span class='ocrx_word' id='word_1_38' title='bbox 1040 859 1167 941; x_wconf 90' lang='lat' dir='ltr'>primae</span> <span class='ocrx_word' id='word_1_39' title='bbox 1190 860 1363 926; x_wconf 89' lang='lat' dir='ltr'>Dalmata·</span> 
     </span>
     <span class='ocr_line' id='line_1_6' title="bbox 90 970 1133 1059; baseline 0.002 -19"><span class='ocrx_word' id='word_1_40' title='bbox 90 994 161 1041; x_wconf 91' lang='lat' dir='ltr'>rum</span> <span class='ocrx_word' id='word_1_41' title='bbox 186 974 324 1058; x_wconf 83' lang='lat' dir='ltr'>cohorti,</span> <span class='ocrx_word' id='word_1_42' title='bbox 349 994 432 1056; x_wconf 90' lang='lat' dir='ltr'>quae</span> <span class='ocrx_word' id='word_1_43' title='bbox 454 975 501 1041; x_wconf 92' lang='lat' dir='ltr'>ibi</span> <span class='ocrx_word' id='word_1_44' title='bbox 525 975 651 1042; x_wconf 89' lang='lat' dir='ltr'>stativa</span> <span class='ocrx_word' id='word_1_45' title='bbox 673 977 824 1059; x_wconf 89' lang='lat' dir='ltr'>habebat,</span> <span class='ocrx_word' id='word_1_46' title='bbox 849 976 1083 1057; x_wconf 88' lang='lat' dir='ltr'>praeficeretur</span> <span class='ocrx_word' id='word_1_47' title='bbox 1095 970 1133 1058; x_wconf 84' lang='lat'>²).</span> 
     </span>
    </p>

    <p class='ocr_par' dir='ltr' id='par_1_3' title="bbox 86 1091 1362 3266">
     <span class='ocr_line' id='line_1_7' title="bbox 196 1091 1362 1176; baseline 0.003 -19"><span class='ocrx_word' id='word_1_48' title='bbox 196 1091 333 1176; x_wconf 79' lang='lat' dir='ltr'>Quando</span> <span class='ocrx_word' id='word_1_49' title='bbox 350 1093 487 1157; x_wconf 85' lang='lat' dir='ltr'>Romam</span> <span class='ocrx_word' id='word_1_50' title='bbox 503 1092 680 1159; x_wconf 85' lang='lat' dir='ltr'>Juvenalis</span> <span class='ocrx_word' id='word_1_51' title='bbox 696 1093 841 1176; x_wconf 89' lang='lat' dir='ltr'>redierit,</span> <span class='ocrx_word' id='word_1_52' title='bbox 867 1113 884 1159; x_wconf 91' lang='lat' dir='ltr'>e</span> <span class='ocrx_word' id='word_1_53' title='bbox 908 1092 1085 1159; x_wconf 88' lang='lat' dir='ltr'>satirarum</span> <span class='ocrx_word' id='word_1_54' title='bbox 1109 1092 1254 1159; x_wconf 90' lang='lat' dir='ltr'>editione</span> <span class='ocrx_word' id='word_1_55' title='bbox 1288 1113 1362 1160; x_wconf 92' lang='lat' dir='ltr'>con-</span> 
     </span>
     <span class='ocr_line' id='line_1_8' title="bbox 88 1207 1362 1293; baseline 0.002 -19"><span class='ocrx_word' id='word_1_56' title='bbox 88 1209 177 1274; x_wconf 91' lang='lat' dir='ltr'>icere</span> <span class='ocrx_word' id='word_1_57' title='bbox 200 1227 380 1289; x_wconf 82' lang='lat' dir='ltr'>possumus</span> <span class='ocrx_word' id='word_1_58' title='bbox 428 1207 509 1274; x_wconf 86' lang='lat' dir='ltr'>Oum</span> <span class='ocrx_word' id='word_1_59' title='bbox 525 1209 647 1290; x_wconf 87' lang='lat' dir='ltr'>primus</span> <span class='ocrx_word' id='word_1_60' title='bbox 671 1208 855 1275; x_wconf 87' lang='lat' dir='ltr'>liberante</span> <span class='ocrx_word' id='word_1_61' title='bbox 880 1228 953 1275; x_wconf 92' lang='lat' dir='ltr'>ann.</span> <span class='ocrx_word' id='word_1_62' title='bbox 973 1215 1035 1275; x_wconf 85' lang='lat'>107</span> <span class='ocrx_word' id='word_1_63' title='bbox 1054 1209 1161 1275; x_wconf 89' lang='lat' dir='ltr'>editus</span> <span class='ocrx_word' id='word_1_64' title='bbox 1185 1210 1230 1275; x_wconf 89' lang='lat' dir='ltr'>sit</span> <span class='ocrx_word' id='word_1_65' title='bbox 1240 1207 1276 1293; x_wconf 85' lang='lat'>³),</span> <span class='ocrx_word' id='word_1_66' title='bbox 1302 1212 1362 1276; x_wconf 90' lang='lat' dir='ltr'>sub</span> 
     </span>
     <span class='ocr_line' id='line_1_9' title="bbox 90 1323 1361 1408; baseline 0.003 -19"><span class='ocrx_word' id='word_1_67' title='bbox 90 1323 176 1390; x_wconf 89' lang='lat' dir='ltr'>idem</span> <span class='ocrx_word' id='word_1_68' title='bbox 200 1328 338 1408; x_wconf 90' lang='lat' dir='ltr'>tempus,</span> <span class='ocrx_word' id='word_1_69' title='bbox 362 1325 449 1390; x_wconf 90' lang='lat' dir='ltr'>haud</span> <span class='ocrx_word' id='word_1_70' title='bbox 474 1325 587 1408; x_wconf 91' lang='lat' dir='ltr'>dubie,</span> <span class='ocrx_word' id='word_1_71' title='bbox 612 1330 711 1406; x_wconf 88' lang='lat' dir='ltr'>poeta</span> <span class='ocrx_word' id='word_1_72' title='bbox 734 1327 872 1392; x_wconf 87' lang='lat' dir='ltr'>Romam</span> <span class='ocrx_word' id='word_1_73' title='bbox 895 1324 1003 1391; x_wconf 87' lang='lat' dir='ltr'>rediit.</span> <span class='ocrx_word' id='word_1_74' title='bbox 1052 1323 1146 1408; x_wconf 81' lang='lat' dir='ltr'>Quod</span> <span class='ocrx_word' id='word_1_75' title='bbox 1171 1326 1299 1406; x_wconf 90' lang='lat' dir='ltr'>quidem</span> <span class='ocrx_word' id='word_1_76' title='bbox 1323 1345 1361 1393; x_wconf 93' lang='lat' dir='ltr'>eo</span> 
     </span>
     <span class='ocr_line' id='line_1_10' title="bbox 90 1439 1361 1527; baseline 0.003 -22"><span class='ocrx_word' id='word_1_77' title='bbox 90 1439 300 1506; x_wconf 85' lang='lat' dir='ltr'>verisimilius</span> <span class='ocrx_word' id='word_1_78' title='bbox 324 1440 467 1523; x_wconf 85' lang='lat' dir='ltr'>videtur,</span> <span class='ocrx_word' id='word_1_79' title='bbox 493 1441 576 1523; x_wconf 86' lang='lat' dir='ltr'>quod</span> <span class='ocrx_word' id='word_1_80' title='bbox 604 1447 673 1507; x_wconf 61' lang='lat' dir='ltr'>tum,</span> <span class='ocrx_word' id='word_1_81' title='bbox 696 1442 872 1509; x_wconf 91' lang='lat' dir='ltr'>Juvenalis</span> <span class='ocrx_word' id='word_1_82' title='bbox 896 1461 997 1524; x_wconf 91' lang='lat' dir='ltr'>prope</span> <span class='ocrx_word' id='word_1_83' title='bbox 1021 1443 1255 1524; x_wconf 77' lang='lat' dir='ltr'>sexagenarius</span> <span class='ocrx_word' id='word_1_84' title='bbox 1280 1448 1361 1527; x_wconf 85' lang='lat' dir='ltr'>erat,</span> 
     </span>
     <span class='ocr_line' id='line_1_11' title="bbox 91 1546 1360 1642; baseline 0.001 -19"><span class='ocrx_word' id='word_1_85' title='bbox 91 1546 155 1636; x_wconf 84' lang='lat' dir='ltr'>qua</span> <span class='ocrx_word' id='word_1_86' title='bbox 179 1563 291 1623; x_wconf 87' lang='lat' dir='ltr'>aetate</span> <span class='ocrx_word' id='word_1_87' title='bbox 308 1558 449 1624; x_wconf 87' lang='lat' dir='ltr'>Romani</span> <span class='ocrx_word' id='word_1_88' title='bbox 474 1578 494 1622; x_wconf 88' lang='lat' dir='ltr'>a</span> <span class='ocrx_word' id='word_1_89' title='bbox 517 1578 553 1624; x_wconf 91' lang='lat' dir='ltr'>re</span> <span class='ocrx_word' id='word_1_90' title='bbox 570 1558 707 1624; x_wconf 87' lang='lat' dir='ltr'>militari</span> <span class='ocrx_word' id='word_1_91' title='bbox 723 1579 842 1626; x_wconf 86' lang='lat' dir='ltr'>vacare</span> <span class='ocrx_word' id='word_1_92' title='bbox 859 1560 1017 1625; x_wconf 88' lang='lat' dir='ltr'>solebant.</span> <span class='ocrx_word' id='word_1_93' title='bbox 1064 1558 1145 1642; x_wconf 90' lang='lat' dir='ltr'>His,</span> <span class='ocrx_word' id='word_1_94' title='bbox 1171 1578 1253 1641; x_wconf 88' lang='lat' dir='ltr'>quae</span> <span class='ocrx_word' id='word_1_95' title='bbox 1268 1560 1360 1625; x_wconf 95' lang='lat' dir='ltr'>modo</span> 
     </span>
     <span class='ocr_line' id='line_1_12' title="bbox 89 1673 1362 1757; baseline 0.003 -20"><span class='ocrx_word' id='word_1_96' title='bbox 89 1673 306 1756; x_wconf 65' lang='lat' dir='ltr'>exposuimus</span> <span class='ocrx_word' id='word_1_97' title='bbox 331 1674 473 1740; x_wconf 86' lang='lat' dir='ltr'>fortasse</span> <span class='ocrx_word' id='word_1_98' title='bbox 497 1673 673 1741; x_wconf 83' lang='lat' dir='ltr'>Juvenalis</span> <span class='ocrx_word' id='word_1_99' title='bbox 705 1673 886 1757; x_wconf 88' lang='lat' dir='ltr'>silentium,</span> <span class='ocrx_word' id='word_1_100' title='bbox 915 1674 999 1757; x_wconf 89' lang='lat' dir='ltr'>quod</span> <span class='ocrx_word' id='word_1_101' title='bbox 1024 1678 1082 1741; x_wconf 92' lang='lat' dir='ltr'>sub</span> <span class='ocrx_word' id='word_1_102' title='bbox 1105 1676 1221 1741; x_wconf 88' lang='lat' dir='ltr'>Nerva</span> <span class='ocrx_word' id='word_1_103' title='bbox 1245 1681 1280 1741; x_wconf 86' lang='lat' dir='ltr'>et</span> <span class='ocrx_word' id='word_1_104' title='bbox 1303 1695 1362 1757; x_wconf 91' lang='lat' dir='ltr'>per</span> 
     </span>
     <span class='ocr_line' id='line_1_13' title="bbox 87 1786 1360 1874; baseline 0.003 -20"><span class='ocrx_word' id='word_1_105' title='bbox 87 1789 210 1871; x_wconf 87' lang='lat' dir='ltr'>primos</span> <span class='ocrx_word' id='word_1_106' title='bbox 234 1789 362 1871; x_wconf 91' lang='lat' dir='ltr'>imperii</span> <span class='ocrx_word' id='word_1_107' title='bbox 387 1789 524 1856; x_wconf 76' lang='lat' dir='ltr'>Traiani</span> <span class='ocrx_word' id='word_1_108' title='bbox 548 1809 650 1855; x_wconf 87' lang='lat' dir='ltr'>annos</span> <span class='ocrx_word' id='word_1_109' title='bbox 680 1786 861 1872; x_wconf 76' lang='lat' dir='ltr'>(ee-106)</span> <span class='ocrx_word' id='word_1_110' title='bbox 890 1793 1025 1873; x_wconf 87' lang='lat' dir='ltr'>agebat,</span> <span class='ocrx_word' id='word_1_111' title='bbox 1055 1791 1213 1872; x_wconf 89' lang='lat' dir='ltr'>explicari</span> <span class='ocrx_word' id='word_1_112' title='bbox 1240 1797 1360 1874; x_wconf 88' lang='lat' dir='ltr'>potest.</span> 
     </span>
     <span class='ocr_line' id='line_1_14' title="bbox 86 1906 1359 1989; baseline 0.003 -19"><span class='ocrx_word' id='word_1_113' title='bbox 86 1907 176 1971; x_wconf 86' lang='lat' dir='ltr'>Nam</span> <span class='ocrx_word' id='word_1_114' title='bbox 206 1907 312 1988; x_wconf 92' lang='lat' dir='ltr'>prima</span> <span class='ocrx_word' id='word_1_115' title='bbox 344 1906 520 1973; x_wconf 87' lang='lat' dir='ltr'>satirarum</span> <span class='ocrx_word' id='word_1_116' title='bbox 553 1907 665 1989; x_wconf 88' lang='lat' dir='ltr'>initia,</span> <span class='ocrx_word' id='word_1_117' title='bbox 701 1912 739 1972; x_wconf 85' lang='lat' dir='ltr'>ut</span> <span class='ocrx_word' id='word_1_118' title='bbox 768 1926 867 1988; x_wconf 89' lang='lat' dir='ltr'>supra</span> <span class='ocrx_word' id='word_1_119' title='bbox 896 1907 1052 1989; x_wconf 85' lang='lat' dir='ltr'>diximus,</span> <span class='ocrx_word' id='word_1_120' title='bbox 1084 1908 1149 1974; x_wconf 92' lang='lat' dir='ltr'>iam</span> <span class='ocrx_word' id='word_1_121' title='bbox 1173 1908 1359 1975; x_wconf 90' lang='lat' dir='ltr'>Domitiano</span> 
     </span>
     <span class='ocr_line' id='line_1_15' title="bbox 90 2016 1359 2106; baseline 0.004 -21"><span class='ocrx_word' id='word_1_122' title='bbox 90 2021 272 2103; x_wconf 84' lang='lat' dir='ltr'>imperante</span> <span class='ocrx_word' id='word_1_123' title='bbox 295 2022 385 2089; x_wconf 82' lang='lat' dir='ltr'>facta</span> <span class='ocrx_word' id='word_1_124' title='bbox 409 2016 554 2105; x_wconf 57' lang='lat' dir='ltr'>aranu),</span> <span class='ocrx_word' id='word_1_125' title='bbox 586 2042 686 2104; x_wconf 90' lang='lat' dir='ltr'>quare</span> <span class='ocrx_word' id='word_1_126' title='bbox 710 2023 774 2089; x_wconf 91' lang='lat' dir='ltr'>nisi</span> <span class='ocrx_word' id='word_1_127' title='bbox 791 2022 942 2089; x_wconf 88' lang='lat' dir='ltr'>militiam</span> <span class='ocrx_word' id='word_1_128' title='bbox 966 2022 1130 2106; x_wconf 81' lang='lat' dir='ltr'>cognitam</span> <span class='ocrx_word' id='word_1_129' title='bbox 1155 2025 1359 2106; x_wconf 84' lang='lat' dir='ltr'>haberemus,</span> 
     </span>
     <span class='ocr_line' id='line_1_16' title="bbox 90 2136 1360 2221; baseline 0.005 -20"><span class='ocrx_word' id='word_1_130' title='bbox 90 2136 207 2203; x_wconf 92' lang='lat' dir='ltr'>mirum</span> <span class='ocrx_word' id='word_1_131' title='bbox 229 2157 308 2204; x_wconf 89' lang='lat' dir='ltr'>sane</span> <span class='ocrx_word' id='word_1_132' title='bbox 332 2139 514 2221; x_wconf 88' lang='lat' dir='ltr'>videretur,</span> <span class='ocrx_word' id='word_1_133' title='bbox 549 2159 606 2204; x_wconf 89' lang='lat' dir='ltr'>cur</span> <span class='ocrx_word' id='word_1_134' title='bbox 628 2139 820 2205; x_wconf 89' lang='lat' dir='ltr'>Domitiano</span> <span class='ocrx_word' id='word_1_135' title='bbox 845 2139 952 2205; x_wconf 89' lang='lat' dir='ltr'>occiso</span> <span class='ocrx_word' id='word_1_136' title='bbox 976 2140 1046 2220; x_wconf 89' lang='lat' dir='ltr'>ipse</span> <span class='ocrx_word' id='word_1_137' title='bbox 1071 2140 1192 2206; x_wconf 89' lang='lat' dir='ltr'>satiras</span> <span class='ocrx_word' id='word_1_138' title='bbox 1217 2140 1360 2207; x_wconf 90' lang='lat' dir='ltr'>edendas</span> 
     </span>
     <span class='ocr_line' id='line_1_17' title="bbox 88 2254 1361 2339; baseline 0.002 -21"><span class='ocrx_word' id='word_1_139' title='bbox 88 2271 152 2319; x_wconf 91' lang='lat' dir='ltr'>uon</span> <span class='ocrx_word' id='word_1_140' title='bbox 177 2254 331 2321; x_wconf 86' lang='lat' dir='ltr'>curaret?</span> <span class='ocrx_word' id='word_1_141' title='bbox 371 2254 472 2321; x_wconf 78' lang='lat' dir='ltr'>Cuius</span> <span class='ocrx_word' id='word_1_142' title='bbox 502 2256 550 2320; x_wconf 90' lang='lat' dir='ltr'>rei</span> <span class='ocrx_word' id='word_1_143' title='bbox 579 2255 720 2321; x_wconf 79' lang='lat' dir='ltr'>tortasse</span> <span class='ocrx_word' id='word_1_144' title='bbox 750 2255 892 2337; x_wconf 90' lang='lat' dir='ltr'>scriptor</span> <span class='ocrx_word' id='word_1_145' title='bbox 915 2255 1101 2324; x_wconf 89' lang='lat' dir='ltr'>Vossianae</span> <span class='ocrx_word' id='word_1_146' title='bbox 1131 2275 1215 2339; x_wconf 90' lang='lat' dir='ltr'>quae</span> <span class='ocrx_word' id='word_1_147' title='bbox 1239 2256 1361 2323; x_wconf 89' lang='lat' dir='ltr'>dicitur</span> 
     </span>
     <span class='ocr_line' id='line_1_18' title="bbox 88 2369 1359 2455; baseline 0.002 -20"><span class='ocrx_word' id='word_1_148' title='bbox 88 2369 179 2436; x_wconf 85' lang='lat' dir='ltr'>vitae</span> <span class='ocrx_word' id='word_1_149' title='bbox 195 2371 351 2454; x_wconf 90' lang='lat' dir='ltr'>meminit,</span> <span class='ocrx_word' id='word_1_150' title='bbox 371 2391 442 2437; x_wconf 89' lang='lat' dir='ltr'>cum</span> <span class='ocrx_word' id='word_1_151' title='bbox 459 2373 540 2437; x_wconf 90' lang='lat' dir='ltr'>haec</span> <span class='ocrx_word' id='word_1_152' title='bbox 557 2371 675 2438; x_wconf 85' lang='lat' dir='ltr'>tradit:</span> <span class='ocrx_word' id='word_1_153' title='bbox 701 2371 852 2455; x_wconf 85' lang='lat' dir='ltr'>„Deinde</span> <span class='ocrx_word' id='word_1_154' title='bbox 876 2370 935 2453; x_wconf 91' lang='lat' dir='ltr'>(sc.</span> <span class='ocrx_word' id='word_1_155' title='bbox 954 2378 1028 2453; x_wconf 90' lang='lat' dir='ltr'>post</span> <span class='ocrx_word' id='word_1_156' title='bbox 1045 2372 1183 2439; x_wconf 90' lang='lat' dir='ltr'>mediam</span> <span class='ocrx_word' id='word_1_157' title='bbox 1201 2370 1359 2455; x_wconf 84' lang='lat' dir='ltr'>aetatem)</span> 
     </span>
     <span class='ocr_line' id='line_1_19' title="bbox 87 2486 1359 2571; baseline 0.003 -21"><span class='ocrx_word' id='word_1_158' title='bbox 87 2486 130 2550; x_wconf 91' lang='lat' dir='ltr'>ad</span> <span class='ocrx_word' id='word_1_159' title='bbox 153 2487 303 2568; x_wconf 89' lang='lat' dir='ltr'>poeticen</span> <span class='ocrx_word' id='word_1_160' title='bbox 320 2507 355 2552; x_wconf 90' lang='lat' dir='ltr'>se</span> <span class='ocrx_word' id='word_1_161' title='bbox 371 2487 555 2569; x_wconf 87' lang='lat' dir='ltr'>applicavit</span> <span class='ocrx_word' id='word_1_162' title='bbox 578 2493 612 2553; x_wconf 86' lang='lat' dir='ltr'>et</span> <span class='ocrx_word' id='word_1_163' title='bbox 628 2493 796 2570; x_wconf 79' lang='lat' dir='ltr'>postquam</span> <span class='ocrx_word' id='word_1_164' title='bbox 818 2489 875 2553; x_wconf 78' lang='lat' dir='ltr'>din</span> <span class='ocrx_word' id='word_1_165' title='bbox 899 2489 995 2554; x_wconf 77' lang='lat' dir='ltr'>locuit</span> <span class='ocrx_word' id='word_1_166' title='bbox 1012 2524 1052 2534; x_wconf 90' lang='lat'><em>-</em></span> <span class='ocrx_word' id='word_1_167' title='bbox 1069 2491 1110 2555; x_wconf 92' lang='lat' dir='ltr'>ab</span> <span class='ocrx_word' id='word_1_168' title='bbox 1132 2486 1359 2571; x_wconf 83' lang='lat' dir='ltr'>indignatione</span> 
     </span>
     <span class='ocr_line' id='line_1_20' title="bbox 89 2600 1360 2688; baseline 0.004 -23"><span class='ocrx_word' id='word_1_169' title='bbox 89 2600 226 2684; x_wconf 89' lang='lat' dir='ltr'>incepit:</span> <span class='ocrx_word' id='word_1_170' title='bbox 258 2603 415 2686; x_wconf 85' lang='lat' dir='ltr'>„Semper</span> <span class='ocrx_word' id='word_1_171' title='bbox 435 2622 496 2684; x_wconf 87' lang='lat' dir='ltr'>ego</span> <span class='ocrx_word' id='word_1_172' title='bbox 513 2603 644 2669; x_wconf 91' lang='lat' dir='ltr'>auditor</span> <span class='ocrx_word' id='word_1_173' title='bbox 657 2601 817 2670; x_wconf 86' lang='lat' dir='ltr'>tantum.“</span> <span class='ocrx_word' id='word_1_174' title='bbox 864 2604 916 2669; x_wconf 91' lang='lat' dir='ltr'>De</span> <span class='ocrx_word' id='word_1_175' title='bbox 932 2602 1168 2688; x_wconf 83' lang='lat' dir='ltr'>Synnerbergii</span> <span class='ocrx_word' id='word_1_176' title='bbox 1184 2604 1360 2685; x_wconf 86' lang='lat' dir='ltr'>sententia,</span> 
     </span>
     <span class='ocr_line' id='line_1_21' title="bbox 89 2716 1359 2802; baseline 0.003 -21"><span class='ocrx_word' id='word_1_177' title='bbox 89 2716 143 2797; x_wconf 87' lang='lat' dir='ltr'>qui</span> <span class='ocrx_word' id='word_1_178' title='bbox 166 2719 342 2786; x_wconf 84' lang='lat' dir='ltr'>Juvenalis</span> <span class='ocrx_word' id='word_1_179' title='bbox 367 2718 533 2784; x_wconf 91' lang='lat' dir='ltr'>silentium</span> <span class='ocrx_word' id='word_1_180' title='bbox 557 2722 616 2785; x_wconf 90' lang='lat' dir='ltr'>sub</span> <span class='ocrx_word' id='word_1_181' title='bbox 640 2721 756 2786; x_wconf 90' lang='lat' dir='ltr'>Nerva</span> <span class='ocrx_word' id='word_1_182' title='bbox 785 2724 820 2785; x_wconf 92' lang='lat' dir='ltr'>et</span> <span class='ocrx_word' id='word_1_183' title='bbox 842 2740 902 2800; x_wconf 88' lang='lat' dir='ltr'>per</span> <span class='ocrx_word' id='word_1_184' title='bbox 924 2719 1047 2801; x_wconf 89' lang='lat' dir='ltr'>primos</span> <span class='ocrx_word' id='word_1_185' title='bbox 1070 2721 1198 2802; x_wconf 86' lang='lat' dir='ltr'>imperii</span> <span class='ocrx_word' id='word_1_186' title='bbox 1222 2720 1359 2787; x_wconf 79' lang='lat' dir='ltr'>Traiani</span> 
     </span>
     <span class='ocr_line' id='line_1_22' title="bbox 88 2831 1359 2918; baseline 0.002 -20"><span class='ocrx_word' id='word_1_187' title='bbox 88 2853 190 2899; x_wconf 89' lang='lat' dir='ltr'>annos</span> <span class='ocrx_word' id='word_1_188' title='bbox 222 2834 452 2918; x_wconf 84' lang='lat' dir='ltr'>„diligentiore</span> <span class='ocrx_word' id='word_1_189' title='bbox 482 2835 621 2915; x_wconf 88' lang='lat' dir='ltr'>quadam</span> <span class='ocrx_word' id='word_1_190' title='bbox 645 2831 816 2901; x_wconf 84' lang='lat' dir='ltr'>cautione“</span> <span class='ocrx_word' id='word_1_191' title='bbox 847 2835 1023 2901; x_wconf 87' lang='lat' dir='ltr'>satirarum</span> <span class='ocrx_word' id='word_1_192' title='bbox 1048 2836 1203 2917; x_wconf 90' lang='lat' dir='ltr'>scriptori</span> <span class='ocrx_word' id='word_1_193' title='bbox 1224 2834 1359 2917; x_wconf 89' lang='lat' dir='ltr'>propria</span> 
     </span>
     <span class='ocr_line' id='line_1_23' title="bbox 88 2946 1359 3033; baseline 0.004 -20"><span class='ocrx_word' id='word_1_194' title='bbox 88 2949 256 3028; x_wconf 89' lang='lat' dir='ltr'>explicare</span> <span class='ocrx_word' id='word_1_195' title='bbox 272 2955 409 3016; x_wconf 87' lang='lat' dir='ltr'>conatus</span> <span class='ocrx_word' id='word_1_196' title='bbox 435 2946 531 3033; x_wconf 75' lang='lat' dir='ltr'>est5),</span> <span class='ocrx_word' id='word_1_197' title='bbox 556 2971 620 3017; x_wconf 91' lang='lat' dir='ltr'>uon</span> <span class='ocrx_word' id='word_1_198' title='bbox 637 2956 689 3017; x_wconf 88' lang='lat' dir='ltr'>est</span> <span class='ocrx_word' id='word_1_199' title='bbox 705 2952 789 3033; x_wconf 89' lang='lat' dir='ltr'>quod</span> <span class='ocrx_word' id='word_1_200' title='bbox 805 2950 911 3018; x_wconf 85' lang='lat' dir='ltr'>fusius</span> <span class='ocrx_word' id='word_1_201' title='bbox 928 2950 1101 3032; x_wconf 83' lang='lat' dir='ltr'>disputem.</span> <span class='ocrx_word' id='word_1_202' title='bbox 1141 2951 1359 3019; x_wconf 87' lang='lat' dir='ltr'>Manifestum</span> 
     </span>
     <span class='ocr_line' id='line_1_24' title="bbox 92 3063 1359 3151; baseline 0.004 -22"><span class='ocrx_word' id='word_1_203' title='bbox 92 3063 176 3129; x_wconf 90' lang='lat' dir='ltr'>enim</span> <span class='ocrx_word' id='word_1_204' title='bbox 202 3070 269 3147; x_wconf 89' lang='lat' dir='ltr'>est,</span> <span class='ocrx_word' id='word_1_205' title='bbox 294 3066 452 3133; x_wconf 89' lang='lat' dir='ltr'>Juvenali</span> <span class='ocrx_word' id='word_1_206' title='bbox 477 3065 635 3132; x_wconf 85' lang='lat' dir='ltr'>eiusmodi</span> <span class='ocrx_word' id='word_1_207' title='bbox 662 3065 853 3148; x_wconf 85' lang='lat' dir='ltr'>„cautione“</span> <span class='ocrx_word' id='word_1_208' title='bbox 879 3067 967 3133; x_wconf 93' lang='lat' dir='ltr'>haud</span> <span class='ocrx_word' id='word_1_209' title='bbox 991 3087 1071 3150; x_wconf 92' lang='lat' dir='ltr'>opus</span> <span class='ocrx_word' id='word_1_210' title='bbox 1094 3068 1210 3151; x_wconf 85' lang='lat' dir='ltr'>fuisse,</span> <span class='ocrx_word' id='word_1_211' title='bbox 1240 3068 1359 3150; x_wconf 90' lang='lat' dir='ltr'>quippe</span> 
     </span>
     <span class='ocr_line' id='line_1_25' title="bbox 89 3178 1129 3266; baseline 0.007 -24"><span class='ocrx_word' id='word_1_212' title='bbox 89 3178 144 3259; x_wconf 90' lang='lat' dir='ltr'>qui</span> <span class='ocrx_word' id='word_1_213' title='bbox 168 3179 202 3244; x_wconf 92' lang='lat' dir='ltr'>in</span> <span class='ocrx_word' id='word_1_214' title='bbox 225 3179 337 3246; x_wconf 83' lang='lat' dir='ltr'>satiris</span> <span class='ocrx_word' id='word_1_215' title='bbox 359 3181 543 3264; x_wconf 90' lang='lat' dir='ltr'>praeterita</span> <span class='ocrx_word' id='word_1_216' title='bbox 567 3187 715 3264; x_wconf 90' lang='lat' dir='ltr'>tempora</span> <span class='ocrx_word' id='word_1_217' title='bbox 738 3187 946 3266; x_wconf 88' lang='lat' dir='ltr'>mortuosque</span> <span class='ocrx_word' id='word_1_218' title='bbox 969 3190 1129 3251; x_wconf 88' lang='lat' dir='ltr'>notasset.</span> 
     </span>
    </p>

    <p class='ocr_par' dir='ltr' id='par_1_4' title="bbox 86 3293 1358 3848">
     <span class='ocr_line' id='line_1_26' title="bbox 194 3293 1358 3383; baseline 0.007 -23"><span class='ocrx_word' id='word_1_219' title='bbox 194 3293 369 3376; x_wconf 87' lang='lat' dir='ltr'>Reliquum</span> <span class='ocrx_word' id='word_1_220' title='bbox 393 3298 485 3364; x_wconf 88' lang='lat' dir='ltr'>vitae</span> <span class='ocrx_word' id='word_1_221' title='bbox 508 3302 637 3378; x_wconf 86' lang='lat' dir='ltr'>tempus</span> <span class='ocrx_word' id='word_1_222' title='bbox 660 3299 837 3365; x_wconf 85' lang='lat' dir='ltr'>Juvenalis</span> <span class='ocrx_word' id='word_1_223' title='bbox 863 3299 951 3365; x_wconf 90' lang='lat' dir='ltr'>haud</span> <span class='ocrx_word' id='word_1_224' title='bbox 974 3299 1072 3366; x_wconf 91' lang='lat' dir='ltr'>dubie</span> <span class='ocrx_word' id='word_1_225' title='bbox 1094 3319 1196 3383; x_wconf 87' lang='lat' dir='ltr'>prope</span> <span class='ocrx_word' id='word_1_226' title='bbox 1219 3303 1358 3368; x_wconf 87' lang='lat' dir='ltr'>Romam</span> 
     </span>
     <span class='ocr_line' id='line_1_27' title="bbox 86 3410 1358 3498; baseline 0.006 -23"><span class='ocrx_word' id='word_1_227' title='bbox 86 3410 251 3494; x_wconf 88' lang='lat' dir='ltr'>transegit</span> <span class='ocrx_word' id='word_1_228' title='bbox 274 3413 386 3479; x_wconf 91' lang='lat' dir='ltr'>satiris</span> <span class='ocrx_word' id='word_1_229' title='bbox 411 3413 545 3479; x_wconf 91' lang='lat' dir='ltr'>edendis</span> <span class='ocrx_word' id='word_1_230' title='bbox 562 3418 750 3495; x_wconf 86' lang='lat' dir='ltr'>occupatus</span> <span class='ocrx_word' id='word_1_231' title='bbox 796 3415 966 3481; x_wconf 83' lang='lat' dir='ltr'>Extremis</span> <span class='ocrx_word' id='word_1_232' title='bbox 990 3415 1126 3482; x_wconf 76' lang='lat' dir='ltr'>Traiani</span> <span class='ocrx_word' id='word_1_233' title='bbox 1156 3416 1358 3498; x_wconf 86' lang='lat' dir='ltr'>temporibus</span> 
     </span>
     <span class='ocr_line' id='line_1_28' title="bbox 86 3526 1358 3613; baseline 0.008 -23"><span class='ocrx_word' id='word_1_234' title='bbox 86 3526 183 3604; x_wconf 92' lang='lat' dir='ltr'>primi</span> <span class='ocrx_word' id='word_1_235' title='bbox 212 3533 281 3594; x_wconf 88' lang='lat' dir='ltr'>tres</span> <span class='ocrx_word' id='word_1_236' title='bbox 310 3528 386 3594; x_wconf 87' lang='lat' dir='ltr'>libri</span> <span class='ocrx_word' id='word_1_237' title='bbox 416 3530 495 3595; x_wconf 89' lang='lat' dir='ltr'>editi</span> <span class='ocrx_word' id='word_1_238' title='bbox 524 3526 646 3613; x_wconf 77' lang='lat' dir='ltr'>sunt⁰).</span> <span class='ocrx_word' id='word_1_239' title='bbox 698 3529 764 3596; x_wconf 83' lang='lat' dir='ltr'>Sub</span> <span class='ocrx_word' id='word_1_240' title='bbox 791 3529 878 3597; x_wconf 91' lang='lat' dir='ltr'>idem</span> <span class='ocrx_word' id='word_1_241' title='bbox 907 3536 1036 3613; x_wconf 84' lang='lat' dir='ltr'>tempus</span> <span class='ocrx_word' id='word_1_242' title='bbox 1067 3531 1265 3599; x_wconf 85' lang='lat' dir='ltr'>familiarem</span> <span class='ocrx_word' id='word_1_243' title='bbox 1288 3553 1358 3600; x_wconf 93' lang='lat' dir='ltr'>rem</span> 
     </span>
     <span class='ocr_line' id='line_1_29' title="bbox 87 3640 1358 3730; baseline 0.007 -24"><span class='ocrx_word' id='word_1_244' title='bbox 87 3660 177 3709; x_wconf 90' lang='lat' dir='ltr'>suam</span> <span class='ocrx_word' id='word_1_245' title='bbox 212 3645 389 3711; x_wconf 84' lang='lat' dir='ltr'>Juvenalis</span> <span class='ocrx_word' id='word_1_246' title='bbox 418 3645 549 3712; x_wconf 84' lang='lat' dir='ltr'>auxisse</span> <span class='ocrx_word' id='word_1_247' title='bbox 581 3645 713 3714; x_wconf 88' lang='lat' dir='ltr'>videtur</span> <span class='ocrx_word' id='word_1_248' title='bbox 725 3640 762 3730; x_wconf 85' lang='lat'>⁷).</span> <span class='ocrx_word' id='word_1_249' title='bbox 820 3647 944 3713; x_wconf 83' lang='lat' dir='ltr'>Taedio</span> <span class='ocrx_word' id='word_1_250' title='bbox 972 3647 1063 3716; x_wconf 88' lang='lat' dir='ltr'>vitae</span> <span class='ocrx_word' id='word_1_251' title='bbox 1097 3650 1243 3715; x_wconf 88' lang='lat' dir='ltr'>urbanae</span> <span class='ocrx_word' id='word_1_252' title='bbox 1272 3668 1358 3715; x_wconf 92' lang='lat' dir='ltr'>com·</span> 
     </span>
     <span class='ocr_line' id='line_1_30' title="bbox 86 3760 1356 3848; baseline 0.005 -24"><span class='ocrx_word' id='word_1_253' title='bbox 86 3763 193 3825; x_wconf 87' lang='lat' dir='ltr'>motus</span> <span class='ocrx_word' id='word_1_254' title='bbox 222 3760 382 3840; x_wconf 85' lang='lat' dir='ltr'>annisque</span> <span class='ocrx_word' id='word_1_255' title='bbox 412 3761 602 3828; x_wconf 85' lang='lat' dir='ltr'>debilitatus</span> <span class='ocrx_word' id='word_1_256' title='bbox 631 3763 737 3828; x_wconf 89' lang='lat' dir='ltr'>Roma</span> <span class='ocrx_word' id='word_1_257' title='bbox 765 3763 921 3846; x_wconf 85' lang='lat' dir='ltr'>migravit</span> <span class='ocrx_word' id='word_1_258' title='bbox 951 3767 986 3828; x_wconf 89' lang='lat' dir='ltr'>et</span> <span class='ocrx_word' id='word_1_259' title='bbox 1015 3764 1048 3830; x_wconf 92' lang='lat' dir='ltr'>in</span> <span class='ocrx_word' id='word_1_260' title='bbox 1077 3783 1156 3848; x_wconf 88' lang='lat' dir='ltr'>agro</span> <span class='ocrx_word' id='word_1_261' title='bbox 1181 3765 1356 3832; x_wconf 79' lang='lat' dir='ltr'>Tiburtino</span> 
     </span>
    </p>
   </div>
   <div class='ocr_carea' id='block_1_3' title="bbox 84 3883 406 3894">
    <p class='ocr_par' dir='ltr' id='par_1_5' title="bbox 84 3883 406 3894">
     <span class='ocr_line' id='line_1_31' title="bbox 84 3883 406 3894; baseline 0.003 -2"><span class='ocrx_word' id='word_1_262' title='bbox 84 3883 406 3894; x_wconf 73' lang='lat'><em>--—-.-—----——</em></span> 
     </span>
    </p>
   </div>
   <div class='ocr_carea' id='block_1_4' title="bbox 152 3954 961 4564">
    <p class='ocr_par' dir='ltr' id='par_1_6' title="bbox 152 3954 961 4564">
     <span class='ocr_line' id='line_1_32' title="bbox 152 3954 474 4020; baseline 0.009 -17"><span class='ocrx_word' id='word_1_263' title='bbox 152 3998 153 4003; x_wconf 75' lang='grc'>,</span> <span class='ocrx_word' id='word_1_264' title='bbox 191 3954 214 4020; x_wconf 89' lang='lat'>¹)</span> <span class='ocrx_word' id='word_1_265' title='bbox 233 3954 298 4006; x_wconf 88' lang='lat' dir='ltr'>Vite</span> <span class='ocrx_word' id='word_1_266' title='bbox 315 3954 474 4006; x_wconf 84' lang='lat' dir='ltr'>Bodleiana.</span> 
     </span>
     <span class='ocr_line' id='line_1_33' title="bbox 191 4043 595 4113; baseline 0.005 -19"><span class='ocrx_word' id='word_1_267' title='bbox 191 4043 202 4074; x_wconf 84' lang='lat'><strong>²</strong></span> <span class='ocrx_word' id='word_1_268' title='bbox 234 4043 296 4095; x_wconf 84' lang='lat' dir='ltr'>Vid.</span> <span class='ocrx_word' id='word_1_269' title='bbox 316 4059 390 4112; x_wconf 87' lang='lat' dir='ltr'>supr.</span> <span class='ocrx_word' id='word_1_270' title='bbox 409 4061 435 4113; x_wconf 90' lang='lat' dir='ltr'>p.</span> <span class='ocrx_word' id='word_1_271' title='bbox 455 4045 489 4096; x_wconf 87' lang='lat'>58</span> <span class='ocrx_word' id='word_1_272' title='bbox 507 4047 535 4096; x_wconf 86' lang='lat' dir='ltr'>et</span> <span class='ocrx_word' id='word_1_273' title='bbox 552 4043 595 4096; x_wconf 83' lang='lat'>59.</span> 
     </span>
     <span class='ocr_line' id='line_1_34' title="bbox 190 4132 944 4205; baseline 0.003 -19"><span class='ocrx_word' id='word_1_274' title='bbox 190 4132 200 4164; x_wconf 79' lang='lat'><strong>³</strong></span> <span class='ocrx_word' id='word_1_275' title='bbox 232 4134 371 4202; x_wconf 89' lang='lat' dir='ltr'>Weidner,</span> <span class='ocrx_word' id='word_1_276' title='bbox 391 4137 404 4198; x_wconf 86' lang='lat'><strong>§</strong></span> <span class='ocrx_word' id='word_1_277' title='bbox 426 4133 458 4185; x_wconf 87' lang='grc'>10</span> <span class='ocrx_word' id='word_1_278' title='bbox 478 4138 505 4186; x_wconf 86' lang='lat' dir='ltr'>et</span> <span class='ocrx_word' id='word_1_279' title='bbox 523 4134 566 4187; x_wconf 88' lang='lat'>16.</span> <span class='ocrx_word' id='word_1_280' title='bbox 603 4135 786 4205; x_wconf 84' lang='lat' dir='ltr'>Synnerberg,</span> <span class='ocrx_word' id='word_1_281' title='bbox 804 4153 831 4205; x_wconf 89' lang='lat' dir='ltr'>p.</span> <span class='ocrx_word' id='word_1_282' title='bbox 850 4135 884 4187; x_wconf 81' lang='lat'>55</span> <span class='ocrx_word' id='word_1_283' title='bbox 904 4152 944 4204; x_wconf 87' lang='lat' dir='ltr'>sq.</span> 
     </span>
     <span class='ocr_line' id='line_1_35' title="bbox 189 4220 795 4294; baseline 0.005 -20"><span class='ocrx_word' id='word_1_284' title='bbox 189 4220 200 4252; x_wconf 83' lang='lat'>‘¹</span> <span class='ocrx_word' id='word_1_285' title='bbox 234 4221 272 4275; x_wconf 84' lang='lat' dir='ltr'>cf.</span> <span class='ocrx_word' id='word_1_286' title='bbox 291 4228 437 4293; x_wconf 87' lang='lat' dir='ltr'>praeterea</span> <span class='ocrx_word' id='word_1_287' title='bbox 455 4223 688 4293; x_wconf 85' lang='lat' dir='ltr'>Synnerbergium</span> <span class='ocrx_word' id='word_1_288' title='bbox 706 4242 734 4294; x_wconf 90' lang='lat' dir='ltr'>p.</span> <span class='ocrx_word' id='word_1_289' title='bbox 753 4226 795 4277; x_wconf 75' lang='lat'>77.</span> 
     </span>
     <span class='ocr_line' id='line_1_36' title="bbox 190 4311 405 4383; baseline 0.005 -19"><span class='ocrx_word' id='word_1_290' title='bbox 190 4311 213 4376; x_wconf 78' lang='lat'>⁵)</span> <span class='ocrx_word' id='word_1_291' title='bbox 232 4312 261 4364; x_wconf 74' lang='lat' dir='ltr'>In</span> <span class='ocrx_word' id='word_1_292' title='bbox 280 4312 298 4365; x_wconf 92' lang='lat' dir='ltr'>l.</span> <span class='ocrx_word' id='word_1_293' title='bbox 316 4331 343 4383; x_wconf 88' lang='lat' dir='ltr'>p.</span> <span class='ocrx_word' id='word_1_294' title='bbox 364 4312 405 4365; x_wconf 83' lang='lat'>79.</span> 
     </span>
     <span class='ocr_line' id='line_1_37' title="bbox 189 4397 961 4472; baseline 0.006 -21"><span class='ocrx_word' id='word_1_295' title='bbox 189 4397 213 4465; x_wconf 76' lang='lat'>⁸)</span> <span class='ocrx_word' id='word_1_296' title='bbox 234 4401 372 4471; x_wconf 85' lang='lat' dir='ltr'>Weidner,</span> <span class='ocrx_word' id='word_1_297' title='bbox 392 4401 520 4470; x_wconf 79' lang='lat'>§10,12</span> <span class='ocrx_word' id='word_1_298' title='bbox 541 4417 582 4470; x_wconf 89' lang='lat' dir='ltr'>sq.</span> <span class='ocrx_word' id='word_1_299' title='bbox 619 4403 802 4472; x_wconf 74' lang='lat' dir='ltr'>Syunerberg,</span> <span class='ocrx_word' id='word_1_300' title='bbox 821 4420 847 4471; x_wconf 89' lang='lat' dir='ltr'>p.</span> <span class='ocrx_word' id='word_1_301' title='bbox 867 4403 900 4454; x_wconf 84' lang='grc'>87</span> <span class='ocrx_word' id='word_1_302' title='bbox 920 4419 961 4471; x_wconf 88' lang='lat' dir='ltr'>eq.</span> 
     </span>
     <span class='ocr_line' id='line_1_38' title="bbox 191 4485 944 4564; baseline 0.005 -23"><span class='ocrx_word' id='word_1_303' title='bbox 191 4485 214 4554; x_wconf 73' lang='grc'>7)</span> <span class='ocrx_word' id='word_1_304' title='bbox 234 4487 274 4542; x_wconf 83' lang='lat' dir='ltr'>Cf.</span> <span class='ocrx_word' id='word_1_305' title='bbox 292 4491 353 4542; x_wconf 86' lang='lat' dir='ltr'>infr.</span> <span class='ocrx_word' id='word_1_306' title='bbox 371 4508 398 4560; x_wconf 93' lang='lat' dir='ltr'>p.</span> <span class='ocrx_word' id='word_1_307' title='bbox 419 4489 454 4542; x_wconf 87' lang='grc'>64</span> <span class='ocrx_word' id='word_1_308' title='bbox 473 4507 535 4544; x_wconf 87' lang='lat' dir='ltr'>anu.</span> <span class='ocrx_word' id='word_1_309' title='bbox 555 4491 581 4544; x_wconf 89' lang='lat'>1.</span> <span class='ocrx_word' id='word_1_310' title='bbox 618 4491 737 4564; x_wconf 80' lang='lat' dir='ltr'>Vbllxer,</span> <span class='ocrx_word' id='word_1_311' title='bbox 750 4493 773 4546; x_wconf 85' lang='lat' dir='ltr'>l.</span> <span class='ocrx_word' id='word_1_312' title='bbox 789 4492 813 4546; x_wconf 84' lang='lat' dir='ltr'>l.</span> <span class='ocrx_word' id='word_1_313' title='bbox 828 4510 861 4564; x_wconf 86' lang='lat' dir='ltr'>p.</span> <span class='ocrx_word' id='word_1_314' title='bbox 879 4492 944 4545; x_wconf 69' lang='lat' dir='ltr'>tou.</span> 
     </span>
    </p>
   </div>
   <div class='ocr_carea' id='block_1_5' title="bbox 0 0 1500 4808">
    <p class='ocr_par' dir='ltr' id='par_1_7' title="bbox 0 0 1500 4808">
     <span class='ocr_line' id='line_1_39' title="bbox 0 0 1500 4808; baseline 0 1"><span class='ocrx_word' id='word_1_315' title='bbox 0 0 1500 4808; x_wconf 95' lang='lat' dir='ltr'> </span> 
     </span>
    </p>
   </div>
  </div>
 </body>
</html>
