<?xml version="1.0" encoding="UTF-8"?>
<!DOCTYPE html PUBLIC "-//W3C//DTD XHTML 1.0 Transitional//EN"
    "http://www.w3.org/TR/xhtml1/DTD/xhtml1-transitional.dtd">
<html xmlns="http://www.w3.org/1999/xhtml" xml:lang="en" lang="en">
 <head>
  <title>
</title>
<meta http-equiv="Content-Type" content="text/html;charset=utf-8" />
  <meta name='ocr-system' content='tesseract 3.04.00' />
  <meta name='ocr-capabilities' content='ocr_page ocr_carea ocr_par ocr_line ocrx_word'/>
</head>
<body>
  <div class='ocr_page' id='page_1' title='image "./dejuvenalisvita00nagugoog_0047.png"; bbox 0 0 2992 4808; ppageno 0'>
   <div class='ocr_carea' id='block_1_1' title="bbox 730 245 772 306">
    <p class='ocr_par' dir='ltr' id='par_1_1' title="bbox 730 245 772 306">
     <span class='ocr_line' id='line_1_1' title="bbox 730 245 772 306; baseline 0.048 -2"><span class='ocrx_word' id='word_1_1' title='bbox 730 245 772 306; x_wconf 79' lang='lat'>34</span> 
     </span>
    </p>
   </div>
   <div class='ocr_carea' id='block_1_2' title="bbox 114 449 1390 2397">
    <p class='ocr_par' dir='ltr' id='par_1_2' title="bbox 114 449 1390 2397">
     <span class='ocr_line' id='line_1_2' title="bbox 116 449 1388 539; baseline 0.005 -22"><span class='ocrx_word' id='word_1_2' title='bbox 116 451 233 518; x_wconf 88' lang='lat' dir='ltr'>mando</span> <span class='ocrx_word' id='word_1_3' title='bbox 266 451 309 518; x_wconf 94' lang='lat' dir='ltr'>ad</span> <span class='ocrx_word' id='word_1_4' title='bbox 340 453 462 520; x_wconf 87' lang='lat' dir='ltr'>satiras</span> <span class='ocrx_word' id='word_1_5' title='bbox 491 451 681 522; x_wconf 87' lang='lat' dir='ltr'>scribendas</span> <span class='ocrx_word' id='word_1_6' title='bbox 714 473 750 522; x_wconf 89' lang='lat' dir='ltr'>se</span> <span class='ocrx_word' id='word_1_7' title='bbox 778 459 969 522; x_wconf 88' lang='lat' dir='ltr'>convertere</span> <span class='ocrx_word' id='word_1_8' title='bbox 999 452 1173 520; x_wconf 88' lang='lat' dir='ltr'>constituit</span> <span class='ocrx_word' id='word_1_9' title='bbox 1181 449 1215 539; x_wconf 88' lang='lat'>¹).</span> <span class='ocrx_word' id='word_1_10' title='bbox 1271 455 1388 537; x_wconf 85' lang='lat' dir='ltr'>Itaque</span> 
     </span>
     <span class='ocr_line' id='line_1_3' title="bbox 116 565 1388 654; baseline 0.002 -20"><span class='ocrx_word' id='word_1_11' title='bbox 116 568 234 653; x_wconf 83' lang='lat' dir='ltr'>omnia,</span> <span class='ocrx_word' id='word_1_12' title='bbox 270 587 353 650; x_wconf 90' lang='lat' dir='ltr'>quae</span> <span class='ocrx_word' id='word_1_13' title='bbox 388 568 511 654; x_wconf 82' lang='lat' dir='ltr'>„digna</span> <span class='ocrx_word' id='word_1_14' title='bbox 543 569 714 640; x_wconf 90' lang='lat' dir='ltr'>Venusina</span> <span class='ocrx_word' id='word_1_15' title='bbox 753 568 909 637; x_wconf 88' lang='lat' dir='ltr'>credebat</span> <span class='ocrx_word' id='word_1_16' title='bbox 945 565 1148 653; x_wconf 59' lang='lat' dir='ltr'>lucernam),</span> <span class='ocrx_word' id='word_1_17' title='bbox 1188 571 1388 639; x_wconf 90' lang='lat' dir='ltr'>observabat</span> 
     </span>
     <span class='ocr_line' id='line_1_4' title="bbox 116 682 1387 771; baseline 0.003 -21"><span class='ocrx_word' id='word_1_18' title='bbox 116 690 215 766; x_wconf 88' lang='lat' dir='ltr'>atque</span> <span class='ocrx_word' id='word_1_19' title='bbox 249 687 397 753; x_wconf 85' lang='lat' dir='ltr'>notabat.</span> <span class='ocrx_word' id='word_1_20' title='bbox 453 685 555 752; x_wconf 86' lang='lat' dir='ltr'>Initio</span> <span class='ocrx_word' id='word_1_21' title='bbox 589 685 719 768; x_wconf 88' lang='lat' dir='ltr'>imperii</span> <span class='ocrx_word' id='word_1_22' title='bbox 756 684 940 752; x_wconf 88' lang='lat' dir='ltr'>Domitiani</span> <span class='ocrx_word' id='word_1_23' title='bbox 976 682 1068 769; x_wconf 83' lang='lat' dir='ltr'>(ante</span> <span class='ocrx_word' id='word_1_24' title='bbox 1091 704 1166 753; x_wconf 87' lang='lat' dir='ltr'>ann.</span> <span class='ocrx_word' id='word_1_25' title='bbox 1192 683 1250 771; x_wconf 88' lang='lat'>83)</span> <span class='ocrx_word' id='word_1_26' title='bbox 1288 687 1387 754; x_wconf 85' lang='lat' dir='ltr'>famo</span> 
     </span>
     <span class='ocr_line' id='line_1_5' title="bbox 116 798 1388 886; baseline 0.003 -20"><span class='ocrx_word' id='word_1_27' title='bbox 116 799 265 868; x_wconf 84' lang='lat' dir='ltr'>sissimus</span> <span class='ocrx_word' id='word_1_28' title='bbox 288 802 414 868; x_wconf 87' lang='lat' dir='ltr'>Romae</span> <span class='ocrx_word' id='word_1_29' title='bbox 436 803 535 869; x_wconf 88' lang='lat' dir='ltr'>Paris</span> <span class='ocrx_word' id='word_1_30' title='bbox 557 802 775 884; x_wconf 81' lang='lat' dir='ltr'>pantomimus</span> <span class='ocrx_word' id='word_1_31' title='bbox 798 798 906 886; x_wconf 64' lang='lat' dir='ltr'>fuir),</span> <span class='ocrx_word' id='word_1_32' title='bbox 938 801 993 884; x_wconf 89' lang='lat' dir='ltr'>qui</span> <span class='ocrx_word' id='word_1_33' title='bbox 1017 806 1111 867; x_wconf 89' lang='lat' dir='ltr'>tanto</span> <span class='ocrx_word' id='word_1_34' title='bbox 1134 802 1247 884; x_wconf 92' lang='lat' dir='ltr'>populi</span> <span class='ocrx_word' id='word_1_35' title='bbox 1273 803 1388 872; x_wconf 84' lang='lat' dir='ltr'>favore</span> 
     </span>
     <span class='ocr_line' id='line_1_6' title="bbox 115 916 1387 1005; baseline 0.006 -23"><span class='ocrx_word' id='word_1_36' title='bbox 115 919 281 1002; x_wconf 87' lang='lat' dir='ltr'>utebatur,</span> <span class='ocrx_word' id='word_1_37' title='bbox 306 923 343 986; x_wconf 99' lang='lat' dir='ltr'>ut</span> <span class='ocrx_word' id='word_1_38' title='bbox 366 917 563 985; x_wconf 90' lang='lat' dir='ltr'>aMartiale</span> <span class='ocrx_word' id='word_1_39' title='bbox 587 918 710 1002; x_wconf 89' lang='lat' dir='ltr'>„Urbis</span> <span class='ocrx_word' id='word_1_40' title='bbox 733 916 902 1003; x_wconf 87' lang='lat' dir='ltr'>deliciae“,</span> <span class='ocrx_word' id='word_1_41' title='bbox 929 919 1090 1004; x_wconf 87' lang='lat' dir='ltr'>„Romani</span> <span class='ocrx_word' id='word_1_42' title='bbox 1106 921 1204 988; x_wconf 89' lang='lat' dir='ltr'>decus</span> <span class='ocrx_word' id='word_1_43' title='bbox 1228 919 1387 1005; x_wconf 88' lang='lat' dir='ltr'>theatri“,</span> 
     </span>
     <span class='ocr_line' id='line_1_7' title="bbox 116 1028 1387 1122; baseline 0.005 -23"><span class='ocrx_word' id='word_1_44' title='bbox 116 1034 339 1116; x_wconf 89' lang='lat' dir='ltr'>appellaretur</span> <span class='ocrx_word' id='word_1_45' title='bbox 346 1028 386 1118; x_wconf 82' lang='lat'>⁴).</span> <span class='ocrx_word' id='word_1_46' title='bbox 424 1033 606 1116; x_wconf 80' lang='lat' dir='ltr'>Praecipue</span> <span class='ocrx_word' id='word_1_47' title='bbox 622 1054 700 1103; x_wconf 85' lang='lat' dir='ltr'>vero</span> <span class='ocrx_word' id='word_1_48' title='bbox 717 1034 752 1102; x_wconf 93' lang='lat' dir='ltr'>in</span> <span class='ocrx_word' id='word_1_49' title='bbox 768 1034 895 1102; x_wconf 91' lang='lat' dir='ltr'>deliciis</span> <span class='ocrx_word' id='word_1_50' title='bbox 919 1035 1077 1103; x_wconf 89' lang='lat' dir='ltr'>matronis</span> <span class='ocrx_word' id='word_1_51' title='bbox 1094 1037 1250 1104; x_wconf 86' lang='lat' dir='ltr'>Romanis</span> <span class='ocrx_word' id='word_1_52' title='bbox 1268 1043 1345 1105; x_wconf 87' lang='lat' dir='ltr'>erat</span> <span class='ocrx_word' id='word_1_53' title='bbox 1352 1033 1387 1122; x_wconf 82' lang='lat'>⁵),</span> 
     </span>
     <span class='ocr_line' id='line_1_8' title="bbox 116 1150 1389 1238; baseline 0.005 -22"><span class='ocrx_word' id='word_1_54' title='bbox 116 1169 252 1232; x_wconf 91' lang='lat' dir='ltr'>quarum</span> <span class='ocrx_word' id='word_1_55' title='bbox 281 1151 439 1235; x_wconf 87' lang='lat' dir='ltr'>Domitia,</span> <span class='ocrx_word' id='word_1_56' title='bbox 474 1150 683 1233; x_wconf 88' lang='lat' dir='ltr'>imperatoris</span> <span class='ocrx_word' id='word_1_57' title='bbox 713 1169 795 1219; x_wconf 87' lang='lat' dir='ltr'>uxor</span> <span class='ocrx_word' id='word_1_58' title='bbox 803 1150 841 1238; x_wconf 82' lang='lat'>⁶),</span> <span class='ocrx_word' id='word_1_59' title='bbox 878 1158 973 1220; x_wconf 86' lang='lat' dir='ltr'>tanta</span> <span class='ocrx_word' id='word_1_60' title='bbox 1002 1154 1171 1221; x_wconf 87' lang='lat' dir='ltr'>saltatoris</span> <span class='ocrx_word' id='word_1_61' title='bbox 1203 1154 1389 1236; x_wconf 84' lang='lat' dir='ltr'>cupiditate</span> 
     </span>
     <span class='ocr_line' id='line_1_9' title="bbox 115 1267 1387 1352; baseline 0.003 -18"><span class='ocrx_word' id='word_1_62' title='bbox 115 1267 288 1352; x_wconf 85' lang='lat' dir='ltr'>flagrabat,</span> <span class='ocrx_word' id='word_1_63' title='bbox 323 1275 361 1336; x_wconf 90' lang='lat' dir='ltr'>ut</span> <span class='ocrx_word' id='word_1_64' title='bbox 383 1289 404 1335; x_wconf 89' lang='lat' dir='ltr'>a</span> <span class='ocrx_word' id='word_1_65' title='bbox 427 1267 583 1335; x_wconf 76' lang='lat' dir='ltr'>Suetonio</span> <span class='ocrx_word' id='word_1_66' title='bbox 606 1269 694 1336; x_wconf 86' lang='lat' dir='ltr'>haud</span> <span class='ocrx_word' id='word_1_67' title='bbox 716 1268 858 1336; x_wconf 85' lang='lat' dir='ltr'>absurde</span> <span class='ocrx_word' id='word_1_68' title='bbox 893 1269 1046 1352; x_wconf 88' lang='lat' dir='ltr'>„Paridis</span> <span class='ocrx_word' id='word_1_69' title='bbox 1077 1269 1249 1336; x_wconf 88' lang='lat' dir='ltr'>histrionis</span> <span class='ocrx_word' id='word_1_70' title='bbox 1273 1290 1387 1338; x_wconf 90' lang='lat' dir='ltr'>amore</span> 
     </span>
     <span class='ocr_line' id='line_1_10' title="bbox 116 1377 1390 1469; baseline 0.004 -21"><span class='ocrx_word' id='word_1_71' title='bbox 116 1381 310 1466; x_wconf 89' lang='lat' dir='ltr'>deperdita“</span> <span class='ocrx_word' id='word_1_72' title='bbox 341 1377 610 1468; x_wconf 83' lang='lat' dir='ltr'>appellaretnr⁷).</span> <span class='ocrx_word' id='word_1_73' title='bbox 663 1383 757 1469; x_wconf 78' lang='lat' dir='ltr'>Quae</span> <span class='ocrx_word' id='word_1_74' title='bbox 785 1403 856 1450; x_wconf 90' lang='lat' dir='ltr'>cum</span> <span class='ocrx_word' id='word_1_75' title='bbox 887 1403 1006 1469; x_wconf 83' lang='lat' dir='ltr'>magna</span> <span class='ocrx_word' id='word_1_76' title='bbox 1036 1386 1145 1469; x_wconf 82' lang='lat' dir='ltr'>gratia</span> <span class='ocrx_word' id='word_1_77' title='bbox 1172 1390 1207 1452; x_wconf 91' lang='lat' dir='ltr'>et</span> <span class='ocrx_word' id='word_1_78' title='bbox 1235 1387 1390 1468; x_wconf 87' lang='lat' dir='ltr'>potentia</span> 
     </span>
     <span class='ocr_line' id='line_1_11' title="bbox 115 1499 1387 1584; baseline 0.003 -19"><span class='ocrx_word' id='word_1_79' title='bbox 115 1500 202 1581; x_wconf 91' lang='lat' dir='ltr'>apnd</span> <span class='ocrx_word' id='word_1_80' title='bbox 225 1499 376 1566; x_wconf 90' lang='lat' dir='ltr'>maritum</span> <span class='ocrx_word' id='word_1_81' title='bbox 400 1504 560 1583; x_wconf 82' lang='lat' dir='ltr'>uteretur,</span> <span class='ocrx_word' id='word_1_82' title='bbox 584 1501 678 1567; x_wconf 90' lang='lat' dir='ltr'>brevi</span> <span class='ocrx_word' id='word_1_83' title='bbox 694 1500 811 1584; x_wconf 85' lang='lat' dir='ltr'>effecit,</span> <span class='ocrx_word' id='word_1_84' title='bbox 835 1502 883 1568; x_wconf 91' lang='lat' dir='ltr'>uti</span> <span class='ocrx_word' id='word_1_85' title='bbox 899 1500 997 1567; x_wconf 87' lang='lat' dir='ltr'>Paris</span> <span class='ocrx_word' id='word_1_86' title='bbox 1014 1499 1264 1583; x_wconf 88' lang='lat' dir='ltr'>potentissimus</span> <span class='ocrx_word' id='word_1_87' title='bbox 1288 1503 1387 1569; x_wconf 90' lang='lat' dir='ltr'>aulae</span> 
     </span>
     <span class='ocr_line' id='line_1_12' title="bbox 114 1613 1387 1700; baseline 0.006 -20"><span class='ocrx_word' id='word_1_88' title='bbox 114 1614 348 1697; x_wconf 77' lang='lat' dir='ltr'>imperatoriae</span> <span class='ocrx_word' id='word_1_89' title='bbox 362 1616 457 1681; x_wconf 90' lang='lat' dir='ltr'>fieret</span> <span class='ocrx_word' id='word_1_90' title='bbox 465 1613 502 1698; x_wconf 84' lang='lat'>⁸).</span> <span class='ocrx_word' id='word_1_91' title='bbox 533 1614 625 1700; x_wconf 80' lang='lat' dir='ltr'>Quae</span> <span class='ocrx_word' id='word_1_92' title='bbox 642 1617 749 1682; x_wconf 90' lang='lat' dir='ltr'>omnia</span> <span class='ocrx_word' id='word_1_93' title='bbox 764 1615 789 1681; x_wconf 87' lang='lat' dir='ltr'><strong>J</strong></span> <span class='ocrx_word' id='word_1_94' title='bbox 791 1618 923 1684; x_wconf 90' lang='lat' dir='ltr'>uvenali</span> <span class='ocrx_word' id='word_1_95' title='bbox 939 1616 1009 1684; x_wconf 88' lang='lat' dir='ltr'>sine</span> <span class='ocrx_word' id='word_1_96' title='bbox 1026 1618 1121 1685; x_wconf 94' lang='lat' dir='ltr'>dubio</span> <span class='ocrx_word' id='word_1_97' title='bbox 1145 1625 1224 1684; x_wconf 89' lang='lat' dir='ltr'>uota</span> <span class='ocrx_word' id='word_1_98' title='bbox 1238 1618 1387 1688; x_wconf 77' lang='lat' dir='ltr'>fuerumt</span> 
     </span>
     <span class='ocr_line' id='line_1_13' title="bbox 115 1731 1387 1816; baseline 0.003 -18"><span class='ocrx_word' id='word_1_99' title='bbox 115 1731 180 1798; x_wconf 83' lang='lat' dir='ltr'>Sed</span> <span class='ocrx_word' id='word_1_100' title='bbox 203 1751 275 1798; x_wconf 90' lang='lat' dir='ltr'>cum</span> <span class='ocrx_word' id='word_1_101' title='bbox 306 1732 346 1798; x_wconf 92' lang='lat' dir='ltr'>de</span> <span class='ocrx_word' id='word_1_102' title='bbox 369 1732 412 1797; x_wconf 88' lang='lat' dir='ltr'>iis</span> <span class='ocrx_word' id='word_1_103' title='bbox 434 1731 523 1814; x_wconf 90' lang='lat' dir='ltr'>loqui</span> <span class='ocrx_word' id='word_1_104' title='bbox 546 1752 609 1798; x_wconf 92' lang='lat' dir='ltr'>non</span> <span class='ocrx_word' id='word_1_105' title='bbox 634 1731 788 1816; x_wconf 88' lang='lat' dir='ltr'>auderet,</span> <span class='ocrx_word' id='word_1_106' title='bbox 820 1733 904 1800; x_wconf 87' lang='lat' dir='ltr'>satis</span> <span class='ocrx_word' id='word_1_107' title='bbox 927 1734 1043 1800; x_wconf 88' lang='lat' dir='ltr'>habuit</span> <span class='ocrx_word' id='word_1_108' title='bbox 1066 1733 1198 1814; x_wconf 82' lang='lat' dir='ltr'>dixisse,</span> <span class='ocrx_word' id='word_1_109' title='bbox 1228 1734 1387 1802; x_wconf 88' lang='lat' dir='ltr'>Paridem</span> 
     </span>
     <span class='ocr_line' id='line_1_14' title="bbox 115 1847 1387 1932; baseline 0.005 -20"><span class='ocrx_word' id='word_1_110' title='bbox 115 1848 347 1928; x_wconf 88' lang='lat' dir='ltr'>pantomimum</span> <span class='ocrx_word' id='word_1_111' title='bbox 372 1848 450 1914; x_wconf 91' lang='lat' dir='ltr'>belli</span> <span class='ocrx_word' id='word_1_112' title='bbox 473 1847 653 1932; x_wconf 84' lang='lat' dir='ltr'>dignitates</span> <span class='ocrx_word' id='word_1_113' title='bbox 676 1848 825 1931; x_wconf 86' lang='lat' dir='ltr'>plurimis</span> <span class='ocrx_word' id='word_1_114' title='bbox 849 1849 1020 1932; x_wconf 84' lang='lat' dir='ltr'>tribuisse3</span> <span class='ocrx_word' id='word_1_115' title='bbox 1052 1870 1072 1916; x_wconf 91' lang='lat' dir='ltr'>a</span> <span class='ocrx_word' id='word_1_116' title='bbox 1095 1849 1242 1918; x_wconf 86' lang='lat' dir='ltr'>civitatis</span> <span class='ocrx_word' id='word_1_117' title='bbox 1265 1852 1387 1931; x_wconf 88' lang='lat' dir='ltr'>princi·</span> 
     </span>
     <span class='ocr_line' id='line_1_15' title="bbox 115 1961 1389 2048; baseline 0.004 -21"><span class='ocrx_word' id='word_1_118' title='bbox 115 1961 211 2044; x_wconf 90' lang='lat' dir='ltr'>pibus</span> <span class='ocrx_word' id='word_1_119' title='bbox 235 1964 389 2045; x_wconf 91' lang='lat' dir='ltr'>praemiis</span> <span class='ocrx_word' id='word_1_120' title='bbox 405 1965 458 2030; x_wconf 86' lang='lat' dir='ltr'>vel</span> <span class='ocrx_word' id='word_1_121' title='bbox 482 1964 657 2031; x_wconf 86' lang='lat' dir='ltr'>honoribus</span> <span class='ocrx_word' id='word_1_122' title='bbox 680 1971 796 2047; x_wconf 88' lang='lat' dir='ltr'>poetas</span> <span class='ocrx_word' id='word_1_123' title='bbox 819 1984 883 2032; x_wconf 89' lang='lat' dir='ltr'>non</span> <span class='ocrx_word' id='word_1_124' title='bbox 907 1967 1035 2048; x_wconf 82' lang='lat' dir='ltr'>augeri;</span> <span class='ocrx_word' id='word_1_125' title='bbox 1060 1965 1252 2032; x_wconf 85' lang='lat' dir='ltr'>histrionem</span> <span class='ocrx_word' id='word_1_126' title='bbox 1275 1967 1389 2034; x_wconf 91' lang='lat' dir='ltr'>omnia</span> 
     </span>
     <span class='ocr_line' id='line_1_16' title="bbox 115 2077 1388 2164; baseline 0.006 -23"><span class='ocrx_word' id='word_1_127' title='bbox 115 2077 288 2160; x_wconf 82' lang='lat' dir='ltr'>dignitatis</span> <span class='ocrx_word' id='word_1_128' title='bbox 310 2079 457 2160; x_wconf 87' lang='lat' dir='ltr'>praemia</span> <span class='ocrx_word' id='word_1_129' title='bbox 479 2079 616 2164; x_wconf 78' lang='lat' dir='ltr'>largiri,</span> <span class='ocrx_word' id='word_1_130' title='bbox 647 2099 719 2147; x_wconf 92' lang='lat' dir='ltr'>eum</span> <span class='ocrx_word' id='word_1_131' title='bbox 748 2081 900 2147; x_wconf 88' lang='lat' dir='ltr'>nimirum</span> <span class='ocrx_word' id='word_1_132' title='bbox 924 2081 958 2146; x_wconf 94' lang='lat' dir='ltr'>in</span> <span class='ocrx_word' id='word_1_133' title='bbox 982 2081 1163 2147; x_wconf 85' lang='lat' dir='ltr'>mercedem</span> <span class='ocrx_word' id='word_1_134' title='bbox 1195 2081 1298 2148; x_wconf 89' lang='lat' dir='ltr'>oblati</span> <span class='ocrx_word' id='word_1_135' title='bbox 1323 2082 1388 2149; x_wconf 90' lang='lat' dir='ltr'>sibi</span> 
     </span>
     <span class='ocr_line' id='line_1_17' title="bbox 114 2193 1389 2278; baseline 0.005 -20"><span class='ocrx_word' id='word_1_136' title='bbox 114 2193 274 2275; x_wconf 88' lang='lat' dir='ltr'>poematis</span> <span class='ocrx_word' id='word_1_137' title='bbox 310 2195 349 2260; x_wconf 90' lang='lat' dir='ltr'>de</span> <span class='ocrx_word' id='word_1_138' title='bbox 383 2196 529 2277; x_wconf 88' lang='lat' dir='ltr'>Pelopea</span> <span class='ocrx_word' id='word_1_139' title='bbox 558 2197 611 2263; x_wconf 91' lang='lat' dir='ltr'>vel</span> <span class='ocrx_word' id='word_1_140' title='bbox 648 2196 688 2262; x_wconf 93' lang='lat' dir='ltr'>de</span> <span class='ocrx_word' id='word_1_141' title='bbox 722 2196 909 2263; x_wconf 87' lang='lat' dir='ltr'>Philomela</span> <span class='ocrx_word' id='word_1_142' title='bbox 942 2197 1127 2278; x_wconf 81' lang='lat' dir='ltr'>praefectos</span> <span class='ocrx_word' id='word_1_143' title='bbox 1164 2203 1197 2263; x_wconf 91' lang='lat' dir='ltr'>et</span> <span class='ocrx_word' id='word_1_144' title='bbox 1231 2198 1389 2265; x_wconf 88' lang='lat' dir='ltr'>tribunos</span> 
     </span>
     <span class='ocr_line' id='line_1_18' title="bbox 114 2307 1389 2397; baseline 0.007 -23"><span class='ocrx_word' id='word_1_145' title='bbox 114 2310 274 2376; x_wconf 89' lang='lat' dir='ltr'>militares</span> <span class='ocrx_word' id='word_1_146' title='bbox 297 2307 452 2391; x_wconf 81' lang='lat' dir='ltr'>facere⁸).</span> <span class='ocrx_word' id='word_1_147' title='bbox 488 2312 583 2378; x_wconf 90' lang='lat' dir='ltr'>Haeo</span> <span class='ocrx_word' id='word_1_148' title='bbox 599 2310 633 2376; x_wconf 92' lang='lat' dir='ltr'>in</span> <span class='ocrx_word' id='word_1_149' title='bbox 649 2311 813 2379; x_wconf 88' lang='lat' dir='ltr'>auditorio</span> <span class='ocrx_word' id='word_1_150' title='bbox 838 2332 979 2396; x_wconf 84' lang='lat' dir='ltr'>„magna</span> <span class='ocrx_word' id='word_1_151' title='bbox 993 2313 1178 2395; x_wconf 83' lang='lat' dir='ltr'>frequentia</span> <span class='ocrx_word' id='word_1_152' title='bbox 1202 2332 1389 2397; x_wconf 83' lang='lat' dir='ltr'>magnoque</span> 
     </span>
    </p>
   </div>
   <div class='ocr_carea' id='block_1_3' title="bbox 114 2421 1389 2512">
    <p class='ocr_par' dir='ltr' id='par_1_3' title="bbox 114 2421 1389 2512">
     <span class='ocr_line' id='line_1_19' title="bbox 114 2421 1389 2512; baseline 0.004 -21"><span class='ocrx_word' id='word_1_153' title='bbox 114 2422 287 2492; x_wconf 87' lang='lat' dir='ltr'>snccessu“</span> <span class='ocrx_word' id='word_1_154' title='bbox 301 2421 338 2502; x_wconf 81' lang='lat'>¹⁰)</span> <span class='ocrx_word' id='word_1_155' title='bbox 368 2426 511 2492; x_wconf 88' lang='lat' dir='ltr'>recitata</span> <span class='ocrx_word' id='word_1_156' title='bbox 533 2427 620 2492; x_wconf 91' lang='lat' dir='ltr'>haud</span> <span class='ocrx_word' id='word_1_157' title='bbox 643 2425 739 2492; x_wconf 92' lang='lat' dir='ltr'>dubie</span> <span class='ocrx_word' id='word_1_158' title='bbox 764 2428 872 2510; x_wconf 89' lang='lat' dir='ltr'>„inter</span> <span class='ocrx_word' id='word_1_159' title='bbox 896 2433 1045 2495; x_wconf 89' lang='lat' dir='ltr'>caeteras</span> <span class='ocrx_word' id='word_1_160' title='bbox 1069 2428 1135 2494; x_wconf 91' lang='lat' dir='ltr'>diei</span> <span class='ocrx_word' id='word_1_161' title='bbox 1159 2426 1323 2512; x_wconf 86' lang='lat' dir='ltr'>fabulas“,</span> <span class='ocrx_word' id='word_1_162' title='bbox 1348 2436 1389 2498; x_wconf 90' lang='lat' dir='ltr'>ut</span> 
     </span>
    </p>
   </div>
   <div class='ocr_carea' id='block_1_4' title="bbox 113 2594 431 2603">
    <p class='ocr_par' dir='ltr' id='par_1_4' title="bbox 113 2594 431 2603">
     <span class='ocr_line' id='line_1_20' title="bbox 113 2594 431 2603; baseline 0.003 -2"><span class='ocrx_word' id='word_1_163' title='bbox 113 2594 431 2603; x_wconf 63' lang='lat' dir='ltr'>-a——o—-a——u—</span> 
     </span>
    </p>
   </div>
   <div class='ocr_carea' id='block_1_5' title="bbox 109 2714 1386 4480">
    <p class='ocr_par' dir='ltr' id='par_1_5' title="bbox 221 2714 1016 2784">
     <span class='ocr_line' id='line_1_21' title="bbox 221 2714 1016 2784; baseline 0 -17"><span class='ocrx_word' id='word_1_164' title='bbox 221 2714 244 2781; x_wconf 89' lang='lat'>¹)</span> <span class='ocrx_word' id='word_1_165' title='bbox 271 2715 324 2767; x_wconf 85' lang='lat' dir='ltr'>Sat.</span> <span class='ocrx_word' id='word_1_166' title='bbox 343 2714 364 2784; x_wconf 86' lang='lat' dir='ltr'>I,</span> <span class='ocrx_word' id='word_1_167' title='bbox 383 2714 431 2766; x_wconf 85' lang='lat'>30:</span> <span class='ocrx_word' id='word_1_168' title='bbox 461 2715 594 2782; x_wconf 81' lang='lat' dir='ltr'>„Difficile</span> <span class='ocrx_word' id='word_1_169' title='bbox 613 2720 653 2768; x_wconf 92' lang='lat' dir='ltr'>est</span> <span class='ocrx_word' id='word_1_170' title='bbox 671 2717 783 2768; x_wconf 88' lang='lat' dir='ltr'>satiram</span> <span class='ocrx_word' id='word_1_171' title='bbox 801 2730 857 2768; x_wconf 91' lang='lat' dir='ltr'>non</span> <span class='ocrx_word' id='word_1_172' title='bbox 875 2715 1016 2768; x_wconf 85' lang='lat' dir='ltr'>scribere.“</span> 
     </span>
    </p>

    <p class='ocr_par' dir='ltr' id='par_1_6' title="bbox 220 2803 455 2869">
     <span class='ocr_line' id='line_1_22' title="bbox 220 2803 455 2869; baseline 0 -14"><span class='ocrx_word' id='word_1_173' title='bbox 220 2803 245 2869; x_wconf 79' lang='lat'>²)</span> <span class='ocrx_word' id='word_1_174' title='bbox 272 2803 339 2856; x_wconf 91' lang='lat' dir='ltr'>lbid.</span> <span class='ocrx_word' id='word_1_175' title='bbox 366 2821 392 2855; x_wconf 88' lang='lat' dir='ltr'>v.</span> <span class='ocrx_word' id='word_1_176' title='bbox 412 2805 455 2856; x_wconf 91' lang='lat'>51.</span> 
     </span>
    </p>

    <p class='ocr_par' dir='ltr' id='par_1_7' title="bbox 112 2878 1386 3142">
     <span class='ocr_line' id='line_1_23' title="bbox 220 2878 1386 2965; baseline 0.003 -21"><span class='ocrx_word' id='word_1_177' title='bbox 220 2890 245 2958; x_wconf 73' lang='grc'>3)</span> <span class='ocrx_word' id='word_1_178' title='bbox 257 2878 259 2883; x_wconf 60' lang='grc'><strong>’</strong></span> <span class='ocrx_word' id='word_1_179' title='bbox 272 2892 389 2946; x_wconf 87' lang='lat' dir='ltr'>Uberius</span> <span class='ocrx_word' id='word_1_180' title='bbox 407 2893 440 2945; x_wconf 89' lang='lat' dir='ltr'>de</span> <span class='ocrx_word' id='word_1_181' title='bbox 458 2895 634 2962; x_wconf 82' lang='lat' dir='ltr'>pantomimis</span> <span class='ocrx_word' id='word_1_182' title='bbox 652 2912 677 2946; x_wconf 90' lang='lat' dir='ltr'>v.</span> <span class='ocrx_word' id='word_1_183' title='bbox 696 2909 739 2963; x_wconf 87' lang='lat' dir='ltr'>ap.</span> <span class='ocrx_word' id='word_1_184' title='bbox 758 2893 799 2946; x_wconf 88' lang='lat' dir='ltr'>De</span> <span class='ocrx_word' id='word_1_185' title='bbox 817 2893 973 2963; x_wconf 79' lang='lat' dir='ltr'>l’Aulnaye,</span> <span class='ocrx_word' id='word_1_186' title='bbox 991 2893 1032 2946; x_wconf 92' lang='lat' dir='ltr'>De</span> <span class='ocrx_word' id='word_1_187' title='bbox 1050 2894 1078 2946; x_wconf 84' lang='lat' dir='ltr'>la</span> <span class='ocrx_word' id='word_1_188' title='bbox 1096 2892 1222 2947; x_wconf 85' lang='lat' dir='ltr'>saltation</span> <span class='ocrx_word' id='word_1_189' title='bbox 1241 2893 1386 2965; x_wconf 76' lang='lat' dir='ltr'>theatrale,</span> 
     </span>
     <span class='ocr_line' id='line_1_24' title="bbox 113 2981 1386 3055; baseline 0.002 -21"><span class='ocrx_word' id='word_1_190' title='bbox 113 2997 149 3034; x_wconf 93' lang='lat' dir='ltr'>ou</span> <span class='ocrx_word' id='word_1_191' title='bbox 172 2981 327 3034; x_wconf 87' lang='lat' dir='ltr'>recherches</span> <span class='ocrx_word' id='word_1_192' title='bbox 351 2997 398 3034; x_wconf 89' lang='lat' dir='ltr'>sur</span> <span class='ocrx_word' id='word_1_193' title='bbox 421 2982 556 3053; x_wconf 85' lang='lat' dir='ltr'>l&#39;origine,</span> <span class='ocrx_word' id='word_1_194' title='bbox 575 2983 613 3035; x_wconf 91' lang='lat' dir='ltr'>les</span> <span class='ocrx_word' id='word_1_195' title='bbox 638 2982 750 3053; x_wconf 76' lang='lat' dir='ltr'>prognes</span> <span class='ocrx_word' id='word_1_196' title='bbox 768 2987 817 3036; x_wconf 86' lang='lat' dir='ltr'>etc.</span> <span class='ocrx_word' id='word_1_197' title='bbox 836 2983 868 3036; x_wconf 93' lang='lat' dir='ltr'>de</span> <span class='ocrx_word' id='word_1_198' title='bbox 886 2983 914 3035; x_wconf 92' lang='lat' dir='ltr'>la</span> <span class='ocrx_word' id='word_1_199' title='bbox 931 2985 1098 3053; x_wconf 84' lang='lat' dir='ltr'>pantomimo</span> <span class='ocrx_word' id='word_1_200' title='bbox 1121 2983 1183 3035; x_wconf 75' lang='lat' dir='ltr'>chen</span> <span class='ocrx_word' id='word_1_201' title='bbox 1208 2984 1247 3035; x_wconf 87' lang='lat' dir='ltr'>les</span> <span class='ocrx_word' id='word_1_202' title='bbox 1264 2986 1386 3055; x_wconf 86' lang='lat' dir='ltr'>enciens,</span> 
     </span>
     <span class='ocr_line' id='line_1_25' title="bbox 112 3059 1385 3142; baseline 0.002 -19"><span class='ocrx_word' id='word_1_203' title='bbox 112 3071 197 3140; x_wconf 86' lang='lat' dir='ltr'>Paris,</span> <span class='ocrx_word' id='word_1_204' title='bbox 207 3069 286 3122; x_wconf 85' lang='grc'><strong>1790.</strong></span> <span class='ocrx_word' id='word_1_205' title='bbox 295 3102 331 3110; x_wconf 92' lang='grc'>-</span> <span class='ocrx_word' id='word_1_206' title='bbox 346 3070 455 3141; x_wconf 77' lang='lat' dir='ltr'>Grysar,</span> <span class='ocrx_word' id='word_1_207' title='bbox 469 3059 541 3125; x_wconf 80' lang='lat' dir='ltr'>iiber</span> <span class='ocrx_word' id='word_1_208' title='bbox 550 3072 594 3124; x_wconf 88' lang='lat' dir='ltr'>dio</span> <span class='ocrx_word' id='word_1_209' title='bbox 603 3073 791 3125; x_wconf 86' lang='lat' dir='ltr'>Pantomimen</span> <span class='ocrx_word' id='word_1_210' title='bbox 801 3072 849 3124; x_wconf 90' lang='lat' dir='ltr'>der</span> <span class='ocrx_word' id='word_1_211' title='bbox 857 3074 966 3141; x_wconf 85' lang='lat' dir='ltr'>Rdmer,</span> <span class='ocrx_word' id='word_1_212' title='bbox 976 3073 1073 3126; x_wconf 86' lang='lat' dir='ltr'>Rhein.</span> <span class='ocrx_word' id='word_1_213' title='bbox 1085 3073 1153 3125; x_wconf 82' lang='lat' dir='ltr'>Mus.</span> <span class='ocrx_word' id='word_1_214' title='bbox 1163 3073 1197 3141; x_wconf 75' lang='grc' dir='ltr'>ΙΙ,</span> <span class='ocrx_word' id='word_1_215' title='bbox 1210 3072 1289 3142; x_wconf 85' lang='grc'><strong>1833,</strong></span> <span class='ocrx_word' id='word_1_216' title='bbox 1302 3090 1329 3142; x_wconf 89' lang='lat' dir='ltr'>p.</span> <span class='ocrx_word' id='word_1_217' title='bbox 1341 3075 1385 3125; x_wconf 81' lang='lat'>77.</span> 
     </span>
    </p>

    <p class='ocr_par' dir='ltr' id='par_1_8' title="bbox 218 3159 490 3231">
     <span class='ocr_line' id='line_1_26' title="bbox 218 3159 490 3231; baseline 0 -19"><span class='ocrx_word' id='word_1_218' title='bbox 218 3159 243 3226; x_wconf 82' lang='lat'>⁴)</span> <span class='ocrx_word' id='word_1_219' title='bbox 270 3160 363 3231; x_wconf 83' lang='lat' dir='ltr'>Epigr.</span> <span class='ocrx_word' id='word_1_220' title='bbox 382 3161 429 3231; x_wconf 81' lang='lat' dir='ltr'>XI,</span> <span class='ocrx_word' id='word_1_221' title='bbox 447 3160 490 3212; x_wconf 83' lang='lat'>13.</span> 
     </span>
    </p>

    <p class='ocr_par' dir='ltr' id='par_1_9' title="bbox 219 3248 774 3320">
     <span class='ocr_line' id='line_1_27' title="bbox 219 3248 774 3320; baseline 0 -18"><span class='ocrx_word' id='word_1_222' title='bbox 219 3249 230 3283; x_wconf 77' lang='lat'><strong>⁵</strong></span> <span class='ocrx_word' id='word_1_223' title='bbox 271 3248 310 3302; x_wconf 84' lang='lat' dir='ltr'>cf.</span> <span class='ocrx_word' id='word_1_224' title='bbox 328 3252 440 3319; x_wconf 86' lang='lat' dir='ltr'>interpr.</span> <span class='ocrx_word' id='word_1_225' title='bbox 460 3249 495 3302; x_wconf 90' lang='lat' dir='ltr'>ad</span> <span class='ocrx_word' id='word_1_226' title='bbox 512 3250 575 3303; x_wconf 84' lang='lat' dir='ltr'>Juv.</span> <span class='ocrx_word' id='word_1_227' title='bbox 594 3250 647 3303; x_wconf 85' lang='lat' dir='ltr'>Sei.</span> <span class='ocrx_word' id='word_1_228' title='bbox 666 3250 713 3320; x_wconf 87' lang='lat' dir='ltr'>VI,</span> <span class='ocrx_word' id='word_1_229' title='bbox 732 3250 774 3302; x_wconf 84' lang='grc'>87.</span> 
     </span>
    </p>

    <p class='ocr_par' dir='ltr' id='par_1_10' title="bbox 270 3339 615 3409">
     <span class='ocr_line' id='line_1_28' title="bbox 270 3339 615 3409; baseline 0 -18"><span class='ocrx_word' id='word_1_230' title='bbox 270 3339 368 3409; x_wconf 84' lang='lat' dir='ltr'>Imhof,</span> <span class='ocrx_word' id='word_1_231' title='bbox 386 3356 412 3408; x_wconf 89' lang='lat' dir='ltr'>p.</span> <span class='ocrx_word' id='word_1_232' title='bbox 432 3339 474 3409; x_wconf 81' lang='lat'>28,</span> <span class='ocrx_word' id='word_1_233' title='bbox 492 3339 535 3408; x_wconf 80' lang='lat'>40,</span> <span class='ocrx_word' id='word_1_234' title='bbox 555 3339 615 3392; x_wconf 83' lang='lat'>128.</span> 
     </span>
    </p>

    <p class='ocr_par' dir='ltr' id='par_1_11' title="bbox 270 3428 948 3499">
     <span class='ocr_line' id='line_1_29' title="bbox 270 3428 948 3499; baseline 0 -17"><span class='ocrx_word' id='word_1_235' title='bbox 270 3429 341 3482; x_wconf 86' lang='lat' dir='ltr'>Suet.</span> <span class='ocrx_word' id='word_1_236' title='bbox 359 3431 438 3483; x_wconf 91' lang='lat' dir='ltr'>Dom.</span> <span class='ocrx_word' id='word_1_237' title='bbox 457 3429 482 3481; x_wconf 87' lang='grc'>3.</span> <span class='ocrx_word' id='word_1_238' title='bbox 519 3428 559 3481; x_wconf 81' lang='lat' dir='ltr'>(ll.</span> <span class='ocrx_word' id='word_1_239' title='bbox 576 3428 714 3483; x_wconf 81' lang='lat' dir='ltr'>Dio-(lass.</span> <span class='ocrx_word' id='word_1_240' title='bbox 731 3430 838 3499; x_wconf 85' lang='lat' dir='ltr'>LXVII,</span> <span class='ocrx_word' id='word_1_241' title='bbox 856 3429 872 3481; x_wconf 88' lang='lat'><strong>3</strong></span> <span class='ocrx_word' id='word_1_242' title='bbox 891 3434 905 3496; x_wconf 67' lang='lat' dir='ltr'>S</span> <span class='ocrx_word' id='word_1_243' title='bbox 923 3430 948 3483; x_wconf 88' lang='lat'>1.</span> 
     </span>
    </p>

    <p class='ocr_par' dir='ltr' id='par_1_12' title="bbox 112 3516 1386 3679">
     <span class='ocr_line' id='line_1_30' title="bbox 269 3516 1386 3589; baseline 0.003 -19"><span class='ocrx_word' id='word_1_244' title='bbox 269 3519 367 3589; x_wconf 88' lang='lat' dir='ltr'>lmhof,</span> <span class='ocrx_word' id='word_1_245' title='bbox 385 3537 411 3589; x_wconf 92' lang='lat' dir='ltr'>p.</span> <span class='ocrx_word' id='word_1_246' title='bbox 424 3518 473 3572; x_wconf 81' lang='lat'>96:</span> <span class='ocrx_word' id='word_1_247' title='bbox 503 3519 596 3586; x_wconf 86' lang='lat' dir='ltr'>„Paris</span> <span class='ocrx_word' id='word_1_248' title='bbox 615 3558 621 3571; x_wconf 91' lang='lat'>.</span> <span class='ocrx_word' id='word_1_249' title='bbox 634 3558 657 3571; x_wconf 91' lang='lat'>..</span> <span class='ocrx_word' id='word_1_250' title='bbox 676 3519 757 3571; x_wconf 74' lang='lat' dir='ltr'>smnd</span> <span class='ocrx_word' id='word_1_251' title='bbox 768 3520 798 3571; x_wconf 90' lang='lat' dir='ltr'>in</span> <span class='ocrx_word' id='word_1_252' title='bbox 810 3517 1084 3572; x_wconf 88' lang='lat' dir='ltr'>ausserordentlicher</span> <span class='ocrx_word' id='word_1_253' title='bbox 1097 3516 1184 3570; x_wconf 87' lang='lat' dir='ltr'>Gnnst</span> <span class='ocrx_word' id='word_1_254' title='bbox 1200 3519 1272 3572; x_wconf 85' lang='lat' dir='ltr'>baim</span> <span class='ocrx_word' id='word_1_255' title='bbox 1285 3519 1386 3573; x_wconf 84' lang='lat' dir='ltr'>Keiser</span> 
     </span>
     <span class='ocr_line' id='line_1_31' title="bbox 112 3602 881 3679; baseline -0.003 -17"><span class='ocrx_word' id='word_1_256' title='bbox 112 3610 169 3662; x_wconf 92' lang='lat' dir='ltr'>und</span> <span class='ocrx_word' id='word_1_257' title='bbox 187 3611 217 3662; x_wconf 92' lang='lat' dir='ltr'>in</span> <span class='ocrx_word' id='word_1_258' title='bbox 235 3611 314 3662; x_wconf 79' lang='lat' dir='ltr'>stater</span> <span class='ocrx_word' id='word_1_259' title='bbox 331 3609 515 3678; x_wconf 85' lang='lat' dir='ltr'>persdnlieher</span> <span class='ocrx_word' id='word_1_260' title='bbox 532 3608 689 3679; x_wconf 85' lang='lat' dir='ltr'>Beaiehung</span> <span class='ocrx_word' id='word_1_261' title='bbox 706 3602 770 3661; x_wconf 84' lang='lat' dir='ltr'>zum</span> <span class='ocrx_word' id='word_1_262' title='bbox 788 3608 881 3661; x_wconf 87' lang='lat' dir='ltr'>Hofe.“</span> 
     </span>
    </p>

    <p class='ocr_par' dir='ltr' id='par_1_13' title="bbox 109 3697 1385 4394">
     <span class='ocr_line' id='line_1_32' title="bbox 216 3697 1385 3770; baseline 0 -18"><span class='ocrx_word' id='word_1_263' title='bbox 216 3697 242 3766; x_wconf 71' lang='lat'>¹³)</span> <span class='ocrx_word' id='word_1_264' title='bbox 269 3699 322 3752; x_wconf 87' lang='lat' dir='ltr'>Set.</span> <span class='ocrx_word' id='word_1_265' title='bbox 347 3699 405 3770; x_wconf 83' lang='lat' dir='ltr'>vn,</span> <span class='ocrx_word' id='word_1_266' title='bbox 430 3698 547 3751; x_wconf 82' lang='lat'><strong>82-92:</strong></span> <span class='ocrx_word' id='word_1_267' title='bbox 581 3697 722 3765; x_wconf 80' lang='lat' dir='ltr'>„Curritur</span> <span class='ocrx_word' id='word_1_268' title='bbox 745 3698 780 3750; x_wconf 90' lang='lat' dir='ltr'>ad</span> <span class='ocrx_word' id='word_1_269' title='bbox 798 3713 891 3750; x_wconf 90' lang='lat' dir='ltr'>vocem</span> <span class='ocrx_word' id='word_1_270' title='bbox 916 3697 1063 3750; x_wconf 89' lang='lat' dir='ltr'>iucundam</span> <span class='ocrx_word' id='word_1_271' title='bbox 1088 3701 1114 3750; x_wconf 91' lang='lat' dir='ltr'>et</span> <span class='ocrx_word' id='word_1_272' title='bbox 1137 3714 1256 3751; x_wconf 85' lang='lat' dir='ltr'>carmem</span> <span class='ocrx_word' id='word_1_273' title='bbox 1278 3699 1385 3752; x_wconf 85' lang='lat' dir='ltr'>amicae</span> 
     </span>
     <span class='ocr_line' id='line_1_33' title="bbox 111 3786 1385 3858; baseline 0 -17"><span class='ocrx_word' id='word_1_274' title='bbox 111 3787 270 3858; x_wconf 81' lang='lat' dir='ltr'>Thebaidos,</span> <span class='ocrx_word' id='word_1_275' title='bbox 294 3788 394 3841; x_wconf 88' lang='lat' dir='ltr'>laetam</span> <span class='ocrx_word' id='word_1_276' title='bbox 417 3804 479 3840; x_wconf 90' lang='lat' dir='ltr'>cum</span> <span class='ocrx_word' id='word_1_277' title='bbox 504 3789 567 3840; x_wconf 87' lang='lat' dir='ltr'>fecit</span> <span class='ocrx_word' id='word_1_278' title='bbox 590 3787 690 3840; x_wconf 88' lang='lat' dir='ltr'>Statius</span> <span class='ocrx_word' id='word_1_279' title='bbox 712 3786 809 3841; x_wconf 90' lang='lat' dir='ltr'>urbem</span> <span class='ocrx_word' id='word_1_280' title='bbox 827 3787 1008 3856; x_wconf 87' lang='lat' dir='ltr'>Promisitque</span> <span class='ocrx_word' id='word_1_281' title='bbox 1034 3787 1120 3839; x_wconf 88' lang='lat' dir='ltr'>diem:</span> <span class='ocrx_word' id='word_1_282' title='bbox 1148 3791 1223 3840; x_wconf 87' lang='lat' dir='ltr'>tanta</span> <span class='ocrx_word' id='word_1_283' title='bbox 1240 3786 1385 3841; x_wconf 83' lang='lat' dir='ltr'>dulcedine</span> 
     </span>
     <span class='ocr_line' id='line_1_34' title="bbox 111 3875 1384 3947; baseline 0 -17"><span class='ocrx_word' id='word_1_284' title='bbox 111 3880 201 3946; x_wconf 87' lang='lat' dir='ltr'>captos</span> <span class='ocrx_word' id='word_1_285' title='bbox 222 3877 313 3930; x_wconf 83' lang='lat' dir='ltr'>Allicit</span> <span class='ocrx_word' id='word_1_286' title='bbox 331 3877 379 3929; x_wconf 89' lang='lat' dir='ltr'>ille</span> <span class='ocrx_word' id='word_1_287' title='bbox 396 3878 511 3947; x_wconf 86' lang='lat' dir='ltr'>animos,</span> <span class='ocrx_word' id='word_1_288' title='bbox 530 3879 659 3945; x_wconf 80' lang='lat' dir='ltr'>tantaque</span> <span class='ocrx_word' id='word_1_289' title='bbox 677 3875 791 3929; x_wconf 88' lang='lat' dir='ltr'>libidine</span> <span class='ocrx_word' id='word_1_290' title='bbox 808 3875 886 3946; x_wconf 78' lang='lat' dir='ltr'>vulgi</span> <span class='ocrx_word' id='word_1_291' title='bbox 904 3875 1039 3946; x_wconf 80' lang='lat' dir='ltr'>Auditur3</span> <span class='ocrx_word' id='word_1_292' title='bbox 1066 3876 1112 3929; x_wconf 88' lang='lat' dir='ltr'>sed</span> <span class='ocrx_word' id='word_1_293' title='bbox 1136 3892 1198 3929; x_wconf 89' lang='lat' dir='ltr'>cum</span> <span class='ocrx_word' id='word_1_294' title='bbox 1220 3876 1302 3944; x_wconf 85' lang='lat' dir='ltr'>fregit</span> <span class='ocrx_word' id='word_1_295' title='bbox 1319 3875 1384 3930; x_wconf 88' lang='lat' dir='ltr'>sub·</span> 
     </span>
     <span class='ocr_line' id='line_1_35' title="bbox 111 3964 1384 4036; baseline 0 -17"><span class='ocrx_word' id='word_1_296' title='bbox 111 3965 189 4019; x_wconf 90' lang='lat' dir='ltr'>sellia</span> <span class='ocrx_word' id='word_1_297' title='bbox 207 3981 296 4036; x_wconf 86' lang='lat' dir='ltr'>versu,</span> <span class='ocrx_word' id='word_1_298' title='bbox 314 3966 415 4036; x_wconf 83' lang='lat' dir='ltr'>Esurit,</span> <span class='ocrx_word' id='word_1_299' title='bbox 434 3968 566 4019; x_wconf 86' lang='lat' dir='ltr'>intectam</span> <span class='ocrx_word' id='word_1_300' title='bbox 583 3965 675 4019; x_wconf 88' lang='lat' dir='ltr'>Paridi</span> <span class='ocrx_word' id='word_1_301' title='bbox 693 3966 748 4017; x_wconf 92' lang='lat' dir='ltr'>nisi</span> <span class='ocrx_word' id='word_1_302' title='bbox 765 3964 859 4018; x_wconf 83' lang='lat' dir='ltr'>vendit</span> <span class='ocrx_word' id='word_1_303' title='bbox 879 3964 1002 4035; x_wconf 81' lang='lat' dir='ltr'>Agaven.</span> <span class='ocrx_word' id='word_1_304' title='bbox 1043 3965 1093 4018; x_wconf 92' lang='lat' dir='ltr'>Ille</span> <span class='ocrx_word' id='word_1_305' title='bbox 1111 3968 1137 4017; x_wconf 93' lang='lat' dir='ltr'>et</span> <span class='ocrx_word' id='word_1_306' title='bbox 1154 3964 1269 4017; x_wconf 88' lang='lat' dir='ltr'>militiae</span> <span class='ocrx_word' id='word_1_307' title='bbox 1286 3965 1384 4019; x_wconf 85' lang='lat' dir='ltr'>multis</span> 
     </span>
     <span class='ocr_line' id='line_1_36' title="bbox 110 4051 1385 4127; baseline -0.001 -19"><span class='ocrx_word' id='word_1_308' title='bbox 110 4056 227 4127; x_wconf 80' lang='lat' dir='ltr'>largitur</span> <span class='ocrx_word' id='word_1_309' title='bbox 251 4056 396 4125; x_wconf 91' lang='lat' dir='ltr'>honorem,</span> <span class='ocrx_word' id='word_1_310' title='bbox 424 4055 572 4109; x_wconf 77' lang='lat' dir='ltr'>semenstri</span> <span class='ocrx_word' id='word_1_311' title='bbox 597 4055 696 4127; x_wconf 76' lang='lat' dir='ltr'>digitos</span> <span class='ocrx_word' id='word_1_312' title='bbox 720 4058 815 4107; x_wconf 84' lang='lat' dir='ltr'>vatum</span> <span class='ocrx_word' id='word_1_313' title='bbox 833 4051 1100 4125; x_wconf 58' lang='lat' dir='ltr'>circumliget&#39;auro.</span> <span class='ocrx_word' id='word_1_314' title='bbox 1146 4052 1224 4118; x_wconf 77' lang='lat' dir='ltr'>Quod</span> <span class='ocrx_word' id='word_1_315' title='bbox 1242 4067 1296 4106; x_wconf 93' lang='lat' dir='ltr'>non</span> <span class='ocrx_word' id='word_1_316' title='bbox 1316 4053 1385 4107; x_wconf 85' lang='lat' dir='ltr'>dent</span> 
     </span>
     <span class='ocr_line' id='line_1_37' title="bbox 113 4143 1384 4216; baseline -0.002 -18"><span class='ocrx_word' id='word_1_317' title='bbox 113 4161 245 4216; x_wconf 86' lang='lat' dir='ltr'>proceres,</span> <span class='ocrx_word' id='word_1_318' title='bbox 264 4145 338 4199; x_wconf 87' lang='lat' dir='ltr'>dabit</span> <span class='ocrx_word' id='word_1_319' title='bbox 355 4146 465 4200; x_wconf 91' lang='lat' dir='ltr'>histrio:</span> <span class='ocrx_word' id='word_1_320' title='bbox 492 4149 523 4198; x_wconf 91' lang='lat' dir='ltr'>tu</span> <span class='ocrx_word' id='word_1_321' title='bbox 541 4144 698 4199; x_wconf 77' lang='lat' dir='ltr'>Camerinos</span> <span class='ocrx_word' id='word_1_322' title='bbox 710 4144 745 4196; x_wconf 87' lang='lat' dir='ltr'>Et</span> <span class='ocrx_word' id='word_1_323' title='bbox 755 4144 878 4216; x_wconf 85' lang='lat' dir='ltr'>Baream,</span> <span class='ocrx_word' id='word_1_324' title='bbox 897 4149 927 4197; x_wconf 91' lang='lat' dir='ltr'>tu</span> <span class='ocrx_word' id='word_1_325' title='bbox 944 4143 1079 4198; x_wconf 91' lang='lat' dir='ltr'>nobilium</span> <span class='ocrx_word' id='word_1_326' title='bbox 1090 4144 1274 4212; x_wconf 83' lang='lat' dir='ltr'>magnaetria</span> <span class='ocrx_word' id='word_1_327' title='bbox 1285 4145 1384 4196; x_wconf 77' lang='lat' dir='ltr'>cures?</span> 
     </span>
     <span class='ocr_line' id='line_1_38' title="bbox 109 4231 1381 4304; baseline -0.002 -18"><span class='ocrx_word' id='word_1_328' title='bbox 109 4234 259 4287; x_wconf 84' lang='lat' dir='ltr'>Praefectos</span> <span class='ocrx_word' id='word_1_329' title='bbox 282 4234 397 4304; x_wconf 89' lang='lat' dir='ltr'>Pelopea</span> <span class='ocrx_word' id='word_1_330' title='bbox 420 4235 496 4304; x_wconf 81' lang='lat' dir='ltr'>lacit,</span> <span class='ocrx_word' id='word_1_331' title='bbox 523 4234 675 4287; x_wconf 87' lang='lat' dir='ltr'>Philomela</span> <span class='ocrx_word' id='word_1_332' title='bbox 697 4231 846 4286; x_wconf 86' lang='lat' dir='ltr'>tribunos.“</span> <span class='ocrx_word' id='word_1_333' title='bbox 875 4263 910 4273; x_wconf 98' lang='lat'><em>-</em></span> <span class='ocrx_word' id='word_1_334' title='bbox 934 4232 973 4286; x_wconf 84' lang='lat' dir='ltr'>Cf.</span> <span class='ocrx_word' id='word_1_335' title='bbox 993 4233 1147 4302; x_wconf 89' lang='lat' dir='ltr'>Hermann,</span> <span class='ocrx_word' id='word_1_336' title='bbox 1174 4231 1215 4284; x_wconf 89' lang='lat' dir='ltr'>De</span> <span class='ocrx_word' id='word_1_337' title='bbox 1238 4234 1287 4284; x_wconf 87' lang='lat' dir='ltr'>eat.</span> <span class='ocrx_word' id='word_1_338' title='bbox 1312 4235 1381 4301; x_wconf 88' lang='lat' dir='ltr'>sept.</span> 
     </span>
     <span class='ocr_line' id='line_1_39' title="bbox 109 4321 781 4394; baseline -0.001 -19"><span class='ocrx_word' id='word_1_339' title='bbox 109 4327 200 4394; x_wconf 85' lang='lat' dir='ltr'>temp,</span> <span class='ocrx_word' id='word_1_340' title='bbox 218 4341 245 4393; x_wconf 91' lang='lat' dir='ltr'>p.</span> <span class='ocrx_word' id='word_1_341' title='bbox 264 4324 306 4377; x_wconf 83' lang='lat'>13.</span> <span class='ocrx_word' id='word_1_342' title='bbox 343 4323 473 4393; x_wconf 83' lang='lat' dir='ltr'>Francke,</span> <span class='ocrx_word' id='word_1_343' title='bbox 491 4324 588 4377; x_wconf 84' lang='lat' dir='ltr'>Exam.</span> <span class='ocrx_word' id='word_1_344' title='bbox 607 4325 675 4394; x_wconf 85' lang='lat' dir='ltr'>crit,</span> <span class='ocrx_word' id='word_1_345' title='bbox 693 4340 718 4392; x_wconf 94' lang='lat' dir='ltr'>p.</span> <span class='ocrx_word' id='word_1_346' title='bbox 738 4321 781 4381; x_wconf 84' lang='lat'>96.</span> 
     </span>
    </p>

    <p class='ocr_par' dir='ltr' id='par_1_14' title="bbox 207 4413 675 4480">
     <span class='ocr_line' id='line_1_40' title="bbox 207 4413 675 4480; baseline 0.002 -16"><span class='ocrx_word' id='word_1_347' title='bbox 207 4413 241 4480; x_wconf 87' lang='lat'>¹⁰)</span> <span class='ocrx_word' id='word_1_348' title='bbox 272 4413 333 4465; x_wconf 85' lang='lat' dir='ltr'>Vita</span> <span class='ocrx_word' id='word_1_349' title='bbox 350 4413 429 4467; x_wconf 87' lang='lat' dir='ltr'>Prob.</span> <span class='ocrx_word' id='word_1_350' title='bbox 449 4418 475 4466; x_wconf 89' lang='lat' dir='ltr'>et</span> <span class='ocrx_word' id='word_1_351' title='bbox 492 4413 675 4466; x_wconf 86' lang='lat' dir='ltr'>Henniniana.</span> 
     </span>
    </p>
   </div>
   <div class='ocr_carea' id='block_1_6' title="bbox 0 0 1500 4808">
    <p class='ocr_par' dir='ltr' id='par_1_15' title="bbox 0 0 1500 4808">
     <span class='ocr_line' id='line_1_41' title="bbox 0 0 1500 4808; baseline 0 1"><span class='ocrx_word' id='word_1_352' title='bbox 0 0 1500 4808; x_wconf 95' lang='lat' dir='ltr'> </span> 
     </span>
    </p>
   </div>
  </div>
 </body>
</html>
