2992 4808
707 252 747 313 55

624 338 834 346 ——·—--—————-—

96 458 146 525 At
168 459 328 527 iaciamus
351 460 488 528 satiram
504 462 574 531 XV
599 462 799 530 aJuvenale
815 460 973 543 scriptam
997 481 1069 529 esse
1083 458 1117 545 ¹).
1165 463 1251 547 Quid
1275 464 1366 530 tum?

94 578 183 644 Num
206 598 224 642 6
248 579 373 661 „falsae
397 579 527 645 deorum
553 579 702 645 culturae
727 585 761 647 et
782 579 902 646 nefarii
931 580 1039 646 victus
1067 577 1365 666 Aegyptiornm“²)

95 692 317 774 descriptione
350 694 522 775 quicquam
559 696 599 762 de
632 695 730 762 exilio
765 696 974 781 Aegyptiace
1009 702 1098 762 recte
1130 698 1213 763 sumi
1248 699 1365 781 potnit,

95 810 160 877 nisi
182 813 244 877 hoc
267 811 373 893 ipsum
398 811 532 877 exilium
556 811 631 879 inde
655 816 695 879 ab
720 813 955 894 antiquissimis
979 813 1180 894 temporibus
1209 815 1366 880 traditum

94 927 234 993 fuisset?
272 929 346 994 Nec
368 929 538 1010 quicquam
571 930 613 994 ad
636 929 727 995 exilii
750 930 855 995 locum
880 929 1097 995 definiendum
1123 949 1140 995 e
1164 930 1366 1011 simplicibus

95 1063 182 1110 6616.
211 1048 253 1108 45
283 1045 408 1112 verbis:
441 1051 619 1128 „quantum
648 1044 719 1126 ipse
748 1042 885 1113 notavi“
915 1045 1061 1127 depromi
1089 1046 1236 1128 potuisse
1264 1047 1367 1113 mani-

94 1160 214 1226 festum
242 1157 339 1240 esti).
384 1161 504 1242 Itaque
532 1160 664 1227 dubium
693 1180 756 1227 666
787 1166 853 1246 661,
894 1160 971 1242 quin
994 1160 1060 1226 nisi
1084 1167 1176 1228 certa
1198 1160 1294 1227 huius
1317 1160 1367 1226 rei

95 1275 217 1341 indicia
244 1276 278 1342 in
302 1276 380 1343 vitis
407 1278 616 1360 haberemus,
648 1296 665 1342 6
689 1279 811 1343 satirae
835 1279 969 1358 quintae
1003 1277 1148 1344 decimae
1172 1283 1366 1359 argumento

95 1395 130 1460 id
153 1395 257 1461 solum
281 1400 371 1460 recte
395 1394 553 1460 affirmari
575 1401 697 1478 posset,
721 1394 919 1460 iuvenalem
938 1393 1112 1476 aliquando
1129 1393 1365 1477 peregrinatio-

95 1531 169 1578 nem
193 1512 228 1577 in
250 1510 440 1595 Aegyptum
467 1511 590 1594 ‚animi
613 1511 724 1593 gratia
746 1514 794 1574 καὶ
816 1516 867 1595 τῆς
889 1513 1011 1596 ἱστορίας
1032 1514 1114 1597 χάριν
1122 1504 1148 1593 ⁴¹)
1173 1509 1365 1591 suscepisse.

95 1628 161 1695 Sed
190 1628 288 1693 etiam
318 1629 511 1694 monendum
544 1633 605 1694 est.
661 1627 824 1693 Hadriani
860 1628 1075 1709 temporibus
1112 1628 1227 1707 quibus
1262 1627 1367 1692 satira

95 1744 340 1810 adnumeranda
362 1748 414 1810 661
422 1739 458 1826 ⁵),
483 1745 583 1810 etiam
604 1744 798 1827 peregrinae
814 1743 1059 1824 superstitionis
1082 1743 1236 1824 ineditas,
1261 1744 1367 1824 qualis

96 1860 222 1927 recenti
246 1860 381 1926 duorum
405 1860 556 1943 Aegypti
580 1860 768 1942 oppidorum
793 1860 941 1942 exemplo
966 1858 1174 1940 describitur,
1199 1860 1367 1925 Romanae

99 1976 218 2042 satirae
241 1976 343 2042 166616
369 1976 516 2042 excitare
539 1977 658 2060 potuit,
682 1977 878 2058 praesertim
897 1995 969 2041 oum
985 1977 1127 2042 Romani
1149 1981 1218 2040 tum
1243 1976 1366 2040 ascitas

97 2092 271 2175 religiones
307 2093 409 2159 multo
443 2093 546 2174 pluris
575 2112 670 2173 quam
698 2091 826 2174 patrias
855 2089 1048 2172 facerenti).
1095 2090 1200 2174 Quam
1231 2092 1364 2156 obrem

95 2208 181 2274 baud
215 2209 280 2275 scio
315 2228 359 2275 an
392 2215 483 2275 recte
517 2208 697 2291 coniciant,
737 2209 791 2291 qui
831 2210 877 2293 „J
878 2210 1049 2277 uvenalem
1085 2208 1189 2274 satira
1224 2207 1295 2276 XV
1331 2207 1365 2273 in

95 2323 334 2408 Aegyptiorum
360 2328 458 2393 rebus
482 2325 697 2406 probabiliter
721 2330 896 2406 antequam
926 2327 996 2408 ipse
1020 2325 1210 2408 Aegyptum
1234 2327 1365 2405 peteret

95 2440 300 2507 immoratum
323 2439 415 2508 esse“
428 2435 454 2524 ⁷)
471 2461 606 2523 eamque
622 2444 756 2525 Romae,
780 2447 839 2508 aut
852 2443 880 2509 si
895 2443 1010 2526 mavis,
1026 2442 1060 2507 in
1075 2440 1179 2508 Italia
1195 2438 1367 2521 scripsisse
1411 2458 1413 2463 ’

96 2557 306 2642 6116166618).
352 2559 445 2645 Quae
461 2579 533 2626 cum
549 2561 596 2626 ita
613 2556 695 2645 sinti,
720 2580 740 2627 a
756 2579 835 2628 vero
852 2561 1006 2626 aberrare
1026 2558 1106 2624 mihi
1118 2557 1285 2640 videntur,
1310 2555 1366 2636 qui

94 2722 252 2730 ----

204 2828 226 2894 ¹)
244 2829 443 2882 Defensionem
462 2830 544 2882 huius
570 2832 672 2882 satirae
697 2835 793 2882 contra
816 2828 972 2898 Kempfium
997 2829 1120 2897 suscepit
1142 2826 1314 2879 Doelennius
1338 2828 1366 2878 in

95 2917 166 2969 libro
189 2920 235 2986 qui
249 2919 409 2971 inscribitur
429 2919 574 2988 „Bcitrbgc
593 2937 641 2971 zur
653 2918 745 2971 Kritilr
763 2919 820 2971 und
832 2919 991 2985 Erkl'arnng
1010 2917 1156 2972 (18611166
1176 2915 1367 2984 (1161666116,

95 3023 122 3073 p.
143 3005 194 3058 242
214 3022 255 3075 sq.
276 3007 378 3060 Contra
395 3008 541 3061 Ribbeokii
560 3010 724 3061 sententiam
745 3009 954 3078 disputaverunt
966 3007 1060 3076 Lupus
1080 3006 1236 3073 (Vindiciae
1248 3005 1365 3057 Juvena-

95 3096 196 3165 lianae,
221 3096 334 3149 Bonnae
357 3096 451 3168 1866),
475 3099 651 3150 116166116166
677 3098 833 3164 (Vindiciae
857 3097 1065 3165 Juvenalianae,
1091 3096 1249 3165 Regimonti
1272 3092 1367 3163 1868),

96 3186 219 3239 Palmius
244 3187 297 3253 (De
322 3187 419 3240 Juven.
446 3190 522 3241 satir.
546 3189 642 3256 quinta
667 3187 773 3240 decima
796 3187 874 3239 Halis
894 3187 957 3239 8611.
977 3185 1070 3250 1882).
1094 3215 1128 3225 -
1152 3184 1204 3236 Vid
1223 3188 1367 3253 praeterea

96 3276 199 3328 librum
217 3292 311 3329 meum
330 3278 470 3343 „Pnncnan
489 3295 546 3330 car.
565 3295 582 3328 11
600 3275 749 3345 luserant,
768 3294 794 3345 p.
813 3275 865 3328 439
885 3279 942 3343 sq.“

202 3366 226 3432 ²)
255 3366 361 3419 Satirae
379 3367 429 3418 XV
443 3363 545 3420 'titulus
565 3368 695 3434 antiquus
715 3381 758 3435 ap.
777 3364 946 3434 Sieboldum,
965 3365 984 3415 l.
1002 3364 1021 3416 l.
1040 3380 1066 3432 p.
1086 3361 1146 3417 300.

202 3453 226 3522 ³)
255 3455 295 3510 Gi.
314 3457 400 3526 Palm,
418 3458 436 3509 1.
454 3458 473 3512 l.
492 3475 519 3526 p.
538 3457 563 3509 6.

149 3541 150 3545 ¹
202 3545 228 3612 ⁴¹)
256 3547 418 3617 Salmasius,
436 3547 558 3602 Exercit.
577 3547 656 3616 Ptin,
675 3563 701 3616 p.
720 3545 782 3598 452.

204 3637 228 3701 5)
256 3637 325 3688 Vide
345 3653 415 3705 quae
435 3653 519 3707 supra
536 3639 577 3705 (p.
596 3636 630 3687 13
650 3639 705 3705 sq.)
725 3636 759 3687 de
778 3636 877 3688 haere
898 3635 1061 3686 dictasunt.

202 3723 228 3792 ⁶)
256 3727 405 3795 Hermann,
429 3727 514 3795 praef.
539 3726 614 3781 laud.
633 3743 659 3795 p.
678 3725 756 3777 XVII
780 3739 913 3792 meusque
938 3723 1009 3776 liber
1034 3723 1146 3789 „Pnucm
1173 3738 1228 3773 666.
1251 3738 1268 3772 11
1287 3719 1366 3773 1066-

96 3819 184 3867 116661(
232 3815 405 3867 ,384-385.
425 3846 458 3854 -
477 3816 555 3868 Palm
582 3817 600 3867 1.
619 3816 637 3867 l.
678 3815 728 3867 .3.

187 3833 230 3971 ’⁷3
256 3907 406 3974 Stampini,
429 3922 455 3975 p.
481 3904 514 3956 61
540 3857 587 3958 ubi
609 3833 681 3956 hanld
707 3919 815 3973 quoque
839 3903 915 3956 haud
937 3904 1059 3972 ineptam
1082 3904 1268 3955 coniecturam
1290 3917 1366 3972 repc-

97 4000 198 4050 rimus:
230 4001 277 4062 „ut
296 3996 408 4048 silentio
427 4001 569 4048 transeam
586 3995 818 4047 verisimillimum
838 4008 946 4062 quoque
964 3992 1033 4044 mihi
1051 3993 1140 4044 videri
1151 3996 1272 4062 poetam,
1291 3996 1369 4044 ntea

99 4088 130 4139 de
149 4086 279 4155 Aegypto
299 4090 440 4137 enarraret
457 4086 487 4136 in
506 4086 599 4153 satira,
619 4083 762 4136 cuiusdam
780 4085 899 4135 16116666
918 4083 999 4134 amici
1018 4083 1278 4135 testimonionisum
1298 4097 1367 4151 6666,
1474 4107 1476 4116 ·

99 4178 145 4245 qui
164 4193 188 4228 a.
208 4174 270 4228 Ohr.
292 4174 416 4227 CXXVII
434 4176 462 4225 in
481 4174 610 4243 Aegypto
629 4175 753 4228 fuisset.“

203 4263 228 4331 8)
256 4265 366 4333 Weber,
384 4264 436 4315 Die
451 4263 568 4332 Satiren,
586 4281 613 4333 p.
626 4262 691 4315 229:
717 4263 777 4329 ,die
790 4247 949 4314 fnnfzehnte
961 4261 1049 4314 Satire
1069 4299 1128 4315 ....
1148 4261 1222 4313 kann
1235 4261 1366 4329 nirgends

99 4354 198 4407 andero
218 4354 307 4406 61616
324 4355 395 4406 Rom
415 4353 482 4405 oder
501 4353 572 4405 doch
589 4355 758 4421 wenigstens
782 4353 812 4402 in
830 4351 930 4402 italien
949 4349 1113 4418 eatstanden
1133 4352 1204 4419 sein,
1233 4349 1366 4402 1161666-

98 4444 171 4496 nalis
185 4458 241 4496 von
255 4444 359 4496 6616661
372 4442 582 4512 Aegyptischen
593 4441 758 4494 Auienthalt
771 4440 927 4493 116164516
941 4439 990 4492 der
1002 4439 1224 4510 Vergangenheit
1237 4439 1366 4508 spricht.“
