2992 4808
730 277 766 335 31

641 358 852 366 ———-

113 482 267 566 suspicio,
293 483 389 548 rebus
406 481 545 548 adaucta
569 480 714 548 externis
727 476 760 564 ¹),
786 499 911 547 omnem
933 499 998 546 non
1014 480 1116 547 solum
1138 479 1382 563 liberalitatem,

113 598 171 665 sed
203 597 302 666 etiam
331 597 563 664 abstinentiam
592 596 626 662 in
656 615 693 663 eo
721 595 914 679 compressit
924 591 958 679 2).
1005 594 1158 662 Infensus
1191 595 1382 678 virtutibus,

113 715 255 798 invidus,
279 720 398 782 natura
421 733 580 796 praeceps
603 713 637 780 in
660 713 742 780 iram
755 711 792 797 ³),
817 712 1000 796 Caligulam
1025 718 1057 778 et
1080 713 1245 779 Neronem
1271 713 1383 778 crude·

113 833 213 899 litate
236 831 421 913 superavit:
455 831 505 897 illi
528 831 613 897 enim
637 830 831 909 saeviebant
855 831 953 912 elam,
983 829 1137 895 hisvero
1162 863 1202 872 —
1226 829 1334 910 palam
1343 821 1381 911 ⁴).

114 947 240 1014 Contra
263 948 456 1029 pecuniosos
479 947 674 1029 optimisque
698 946 823 1012 artibus
847 950 881 1011 et
904 944 1055 1012 doctrina
1078 944 1382 1032 exendtosmaxime

113 1063 299 1144 saeviebat3
325 1083 404 1145 quos
428 1064 484 1131 vel
506 1063 678 1146 relegabat
703 1063 757 1129 vol
781 1061 901 1143 capitis
925 1061 1101 1128 damnabat
1109 1056 1147 1145 ⁵).
1195 1061 1383 1146 „deplorante

113 1181 146 1244 δὲ
168 1179 203 1263 ἦν
226 1181 278 1264 μὲν
301 1182 348 1244 καὶ
370 1180 479 1265 θρασὺς
501 1181 548 1243 καὶ
573 1181 695 1264 ὀργιλυς,
718 1178 753 1262 ἦν
770 1180 865 1243 δὲκαὶ
881 1180 1032 1264 ἐπίβουλος
1053 1181 1101 1242 καὶ
1122 1179 1282 1263 κρυψίνους,
1306 1179 1381 1242 ὥστε

113 1293 160 1382 ἀφ’
188 1296 330 1381 ἑκατέρων
353 1302 409 1360 τῶν
432 1298 484 1380 μὲν
506 1297 538 1359 τὸ
561 1296 699 1380 προπετὲς
719 1301 777 1359 τῶν
805 1297 891 1359 δὲτὸ
915 1295 1009 1359 δόλιον
1034 1293 1121 1381 ἔχων,
1148 1295 1243 1359 πολλὰ
1266 1295 1317 1380 μὲν
1341 1298 1383 1364 ὡς

114 1414 238 1496 σκηπτὸς
266 1412 354 1483 ὀξέως
381 1413 523 1496 ἐμπίπτων
557 1413 625 1475 τισὶν
654 1412 837 1495 ἐλυμαίνετο,
867 1412 963 1476 πολλὰ
994 1412 1027 1475 δὲ
1058 1413 1106 1475 καὶ
1138 1411 1170 1474 ἐκ
1199 1415 1382 1495 παρασκευῆς

113 1531 304 1614 exsuctas?
317 1526 352 1614 1’).
400 1529 502 1613 „Cum
519 1529 612 1595 velut
634 1529 741 1595 bestia
757 1547 846 1609 spem
863 1528 998 1610 inclusa,
1023 1545 1108 1593 nnnc
1128 1526 1380 1608 propinquorum

113 1647 303 1729 sanguinem
342 1646 503 1713 lamberet
540 1663 626 1710 nunc
660 1665 695 1710 se
730 1643 772 1710 ad
807 1645 1060 1710 clarissimorum
1095 1642 1215 1711 civium
1250 1648 1380 1725 strages

114 1762 295 1842 caedesque
318 1762 492 1843 proferret.
540 1760 810 1828 Obversabantur
838 1759 963 1826 foribus
994 1759 1168 1825 horreret
1192 1757 1315 1840 minae,
1347 1763 1381 1824 et

113 1898 174 1960 par
201 1888 307 1944 metus
338 1877 490 1944 admissis
520 1888 554 1943 et
581 1877 731 1944 exclusis.
783 1874 838 1941 Ad
870 1876 952 1941 haec
983 1873 1054 1956 ipse
1084 1892 1209 1955 quoqne
1241 1874 1379 1955 visuque

114 1993 289 2060 terribilis:
326 1994 478 2075 superbia
508 1992 542 2058 in
574 1992 695 2075 fronte,
731 1992 782 2057 ira
809 1991 843 2057 in
874 1989 991 2072 oculis,
1020 1988 1180 2057 femineus
1210 1990 1317 2071 pallor
1346 1989 1381 2057 in

117 2128 259 2192 corpore,
284 2110 318 2175 in
341 2128 395 2174 ore
419 2108 622 2190 impudentia
637 2108 739 2173 multo
761 2108 879 2172 rubore
904 2105 1033 2172 suffusa.
1079 2105 1156 2171 Non
1180 2105 1270 2172 adire
1294 2107 1380 2187 quis-

115 2244 219 2308 quam,
252 2244 316 2291 non
340 2224 462 2307 alloqui
487 2224 640 2307 audebat,
670 2225 823 2289 tenebras
846 2241 975 2302 semper
998 2225 1222 2303 secretumque
1247 2228 1380 2305 captan-

114 2347 192 2426 tem,
217 2361 277 2408 ncc
301 2361 441 2423 unquam
458 2362 499 2408 ex
523 2341 698 2408 solitudine
715 2359 774 2406 sua
794 2338 1019 2422 prodeuntem,
1043 2337 1107 2404 nisi
1122 2344 1159 2403 ut
1174 2336 1380 2405 solitudinem

111 2456 258 2525 faceret“
270 2453 306 2542 ⁷).
345 2458 400 2526 Sic
417 2478 485 2524 cum
504 2459 642 2542 viveret,
668 2456 795 2523 domum
812 2475 903 2523 suam
920 2455 1127 2523 multitudine
1143 2454 1379 2538 libertinorum,

116 2574 303 2658 amicorum,
343 2575 537 2658 delatorum,
575 2575 637 2640 hoc
674 2574 837 2639 hominum
875 2593 994 2655 genere
1033 2571 1256 2656 circumdedit,
1296 2572 1379 2653 quod

112 2690 242 2771 publico
299 2691 398 2757 exitio
449 2695 614 2773 repertum
670 2708 729 2772 per
785 2688 933 2770 praemia
977 2684 1216 2770 eliciebatur⁸).
1297 2688 1379 2754 Tum

113 2813 219 2822 —-.-..

219 2865 242 2931 ¹)
268 2864 365 2934 Imhof,
383 2882 409 2934 p.
428 2865 463 2917 38
481 2880 520 2933 sq.

219 2954 244 3020 ²)
271 2954 342 3007 Suet.
361 2955 379 3006 1.
404 2971 425 3006 c.
452 2985 486 2994 -
509 2954 603 3022 Zeller,
627 2954 676 3005 Les
699 2967 854 3022 empereurs
876 2953 1005 3020 romains,
1030 2951 1176 3005 caracteres
1200 2956 1227 3004 et
1251 2953 1379 3022 pertraits

113 3041 285 3113 historiques,
304 3043 320 3094 3
339 3043 379 3096 ed.
415 3044 500 3113 Paris,
519 3042 597 3112 1869,
615 3060 641 3112 p.
660 3041 720 3094 190.

218 3131 243 3198 ³)
269 3132 352 3185 Tacit.
372 3133 440 3202 Agr.
458 3149 480 3184 c.
499 3130 542 3202 39,
560 3131 604 3201 41,
622 3132 665 3186 42.

172 3205 174 3208 ⁴
218 3220 244 3288 ⁴)
270 3222 395 3292 nenses,
414 3220 568 3274 essonae
587 3221 632 3273 uss
651 3221 769 3273 versans
792 3220 840 3272 ner
857 3221 987 3290 messan,
1010 3219 1058 3271 uss
1075 3219 1304 3273 wissenschaften
1322 3221 1378 3272 usu

112 3311 160 3363 der
177 3311 293 3381 Spraohe
315 3312 363 3364 der
385 3313 494 3380 Rdmer,
512 3311 593 3362 Wien
617 3310 675 3362 und
701 3311 818 3380 Leipzig,
846 3309 911 3362 1791
936 3326 962 3379 p.
986 3309 1034 3361 84:
1065 3307 1205 3379 „Caligula
1227 3310 1283 3362 und
1307 3310 1379 3362 Nero

113 3415 207 3452 waren
231 3400 306 3453 nicht
324 3403 445 3471 weniger
468 3415 606 3470 graneam,
630 3400 670 3452 als
692 3399 841 3468 Domitian,
866 3398 949 3451 allein
974 3401 1013 3452 sie
1036 3415 1129 3452 waren
1154 3402 1222 3452 oden
1245 3401 1275 3452 in
1299 3400 1378 3452 ihren

115 3488 349 3561 Grausamkeiten,
377 3493 430 3542 wie
458 3492 487 3542 in
515 3490 593 3542 ihren
617 3489 895 3559 Ausschweifnngen3
926 3489 1067 3542 Domitian
1090 3489 1226 3560 hingegen
1249 3506 1308 3541 war
1330 3506 1378 3542 nm

115 3579 189 3632 desto
208 3580 377 3639 furchtbarer
395 3580 451 3632 und
470 3581 574 3648 wilder,
595 3581 623 3649 je
649 3578 832 3631 frenndlieher
856 3594 885 3631 er
908 3579 1024 3632 schien.“
1061 3578 1198 3647 Weidner,
1220 3579 1255 3631 ad
1271 3579 1378 3650 iuven,

114 3684 140 3737 p.
159 3668 205 3720 95:
235 3669 305 3735 „Der
323 3670 401 3721 letzte
426 3669 472 3721 der
495 3670 603 3721 Flavier
626 3684 685 3721 war
708 3671 753 3720 sin
775 3668 884 3738 Feiger,
908 3668 1131 3738 henehleriseher,
1152 3667 1379 3720 heimtiickischer

114 3757 271 3810 Bdsewicht.
308 3758 393 3810 Unter
410 3757 468 3809 ihm
485 3758 631 3827 herrachte,
648 3759 702 3809 wie
719 3757 827 3810 Tacitus
846 3761 913 3827 segt,
931 3760 1062 3809 stammas
1079 3756 1196 3827 Grauen,
1215 3772 1245 3809 er
1262 3758 1308 3827 lag
1326 3759 1379 3809 wie
1452 3737 1456 3742 ’

114 3849 158 3898 ein
176 3847 258 3916 'liger
275 3846 343 3900 iiber
360 3849 435 3899 einer
453 3847 672 3918 halberwiirgten
683 3847 780 3899 Welt.“
800 3876 836 3886 —
853 3848 938 3915 Peter,
956 3846 975 3900 l.
994 3847 1012 3899 l.
1031 3863 1056 3916 p.
1077 3846 1136 3899 140.

220 3937 245 4004 ⁵)
272 3936 630 3990 cf.Suet.D0m.10-12.

220 4024 246 4092 ⁶)
272 4025 325 4079 Dio
343 4025 415 4078 Cass.
433 4026 540 4096 LXVII,
558 4026 583 4077 1.
602 4030 615 4092 §
634 4025 659 4077 1.

220 4113 244 4182 ⁷)
271 4117 351 4185 Plin,
369 4116 469 4185 Paneg.
487 4131 508 4167 c.
527 4115 570 4167 48.
607 4113 646 4167 Cf.
665 4114 730 4167 ibid.
749 4131 771 4167 c.
789 4114 824 4166 49
842 4117 869 4166 et
887 4114 929 4167 72.

220 4203 245 4271 ⁸)
272 4203 311 4257 cf.
330 4205 391 4256 Tac.
410 4203 493 4273 Anu,
512 4203 558 4273 IV,
576 4203 619 4255 30.
639 4235 673 4243 —
691 4204 785 4274 Zeller,
808 4204 826 4256 l.
851 4203 869 4256 l.
887 4220 913 4273 p.
937 4203 1003 4256 195:
1035 4202 1094 4270 „Un
1117 4201 1212 4256 resean
1236 4201 1377 4272 d'dspions,

114 4294 180 4347 dont
197 4293 237 4345 les
255 4293 389 4346 delateurs
412 4293 444 4345 de
466 4293 494 4344 la
517 4308 582 4346 conr
600 4295 719 4345 tenaient
736 4293 775 4344 les
799 4293 854 4362 fils,
876 4294 982 4345 couvrit
1005 4293 1091 4344 Rome
1114 4295 1141 4343 et
1164 4295 1222 4344 tout
1245 4292 1376 4361 l'empire.

113 4381 155 4435 On
173 4384 215 4434 vit
231 4383 303 4435 alors
320 4383 359 4435 les
377 4381 508 4435 delations
526 4387 553 4434 et
569 4383 608 4435 les
625 4383 847 4435 condemnatione
865 4397 893 4434 se
910 4381 1061 4451 multiplier
1078 4396 1183 4434 comme
1200 4394 1265 4434 sous
1279 4380 1375 4433 Tibbre

115 4475 142 4525 et
158 4471 260 4543 Neron,
278 4471 345 4524 dans
363 4473 403 4524 les
420 4474 561 4542 provinces
579 4487 683 4525 comme
700 4471 718 4523 b
735 4473 845 4524 Rome.“
865 4502 899 4511 —
917 4470 1013 4540 lmhof,
1031 4470 1049 4522 l.
1068 4470 1087 4522 1.
1105 4486 1131 4539 p.
1150 4470 1203 4522 112
1221 4473 1248 4521 et
1265 4469 1325 4521 127.
