2992 4808
642 270 852 362 ΔΞ,-

112 479 184 545 veri
219 498 260 544 ne
295 497 372 544 oasn
406 478 533 558 quidem
564 479 763 561 pervenerit.
818 477 1055 560 Diligentiores
1089 475 1184 558 enirn,
1220 492 1314 554 quam
1345 478 1381 538 ut

113 593 191 675 quid
227 599 350 659 temere
388 600 486 675 atquo
522 614 562 660 ex
596 594 732 660 arbitrio
770 594 893 675 fingere
929 591 1097 674 auderent,
1137 589 1379 656 vetustissimos

112 708 287 776 Juvenalis
310 708 403 776 vitae
437 713 589 775 auctores
623 709 724 775 fuisse
747 713 837 790 puto
895 707 999 792 Quam
1030 709 1070 772 ob
1102 726 1171 771 rem
1206 711 1380 771 tantuma

112 824 258 890 Straekii
274 824 440 890 sententia
456 827 577 907 absum,
603 831 640 890 ut
661 844 725 891 non
741 825 834 890 modo
858 844 920 889 non
943 822 1085 889 arbitrer
1106 821 1196 888 exilii
1216 820 1381 887 mentione

111 941 254 1007 vitarum
280 959 404 1005 omnem
427 941 522 1006 fidem
546 941 669 1007 elevari
691 960 796 1023 posse,
831 940 888 1007 sed
912 961 953 1006 ex
975 941 1036 1005 hoo
1058 939 1128 1019 ipso
1153 937 1260 1019 exilio,
1294 935 1380 1018 quod

113 1058 207 1122 homo
231 1056 346 1122 doetus
368 1056 547 1140 impugnat,
572 1059 626 1124 vel
649 1058 789 1123 maxime
813 1061 961 1139 apparet,
996 1074 1060 1122 non
1095 1055 1202 1120 onmia
1237 1053 1379 1119 vitarum

111 1172 301 1239 testimonia
324 1192 365 1239 ex
387 1173 518 1256 iugenio
540 1179 662 1240 temere
678 1179 811 1255 arrepta
834 1172 887 1239 vel
911 1191 927 1236 e
952 1170 1065 1238 satiris
1081 1171 1274 1252 deprompta
1297 1185 1380 1234 esse.

111 1279 160 1345 Ut
182 1298 251 1344 rem
274 1279 451 1361 absolvam,
476 1280 536 1344 hoe
560 1279 751 1344 monendum
775 1284 864 1362 puto,
897 1298 961 1344 non
985 1278 1089 1344 solum
1113 1281 1242 1342 veteres
1276 1279 1380 1341 testes

112 1394 146 1459 in
177 1392 275 1459 exilio
310 1394 501 1460 affirmando
534 1395 649 1460 mirum
680 1395 713 1460 iu
743 1396 872 1461 modum
906 1414 970 1460 uno
1004 1413 1060 1459 ore
1093 1392 1286 1475 consentire,
1322 1389 1380 1456 sed

112 1510 213 1576 etiam
247 1511 321 1575 huie
355 1511 404 1576 rei
439 1529 548 1577 omnes
583 1511 792 1594 recentiores
829 1510 857 1576 si
891 1510 1102 1593 Franekium,
1138 1509 1376 1587 Dnentzerum‚

110 1626 308 1709 Kempfium,
337 1625 522 1692 Straekium
546 1627 700 1709 excipias
726 1626 799 1693 adst
786 1626 932 1708 tipulari.
988 1627 1111 1691 Eorum
1147 1622 1323 1690 clarissimi
1344 1621 1380 1687 hi

111 1747 202 1807 sunt:
228 1740 264 1806 Ο.
278 1741 334 1807 Fr.
348 1738 605 1826 Hermannus¹),
629 1742 808 1808 Baehrius
803 1738 839 1826 7,)
864 1741 1057 1809 Teuffelius
1053 1739 1088 1825 4,)
1105 1731 1378 1820 Bernhardius¹)‚

111 1852 333 1937 Sieboldus5),
372 1854 585 1942 Widalius⁶),
627 1851 877 1942 Borghesius⁷),
916 1853 1105 1940 BerginsQ)
1147 1849 1379 1936 Vesoovius¹),

111 1969 297 2056 Luisius¹⁰),
328 1969 577 2055 Weidnerus¹¹),
608 1971 869 2056 Synnerbergius
883 1968 932 2056 77),
957 1972 1176 2039 Meinertzius
1191 1967 1239 2054 77),
1264 1969 1380 2034 Fried-

114 2084 307 2155 laenderus¹
307 2081 344 2171 4,)
369 2084 581 2169 Stnmpinus¹
586 2083 622 2171 7),
647 2088 847 2155 Ribbeokius
864 2085 913 2172 74).

216 2205 313 2271 Nune
345 2205 574 2286 examinemus
608 2223 683 2269 nunt
717 2203 772 2269 stol
801 2203 943 2269 Troiano
975 2204 1001 2268 J
1002 2203 1150 2271 uvenalis
1181 2202 1215 2269 in
1246 2199 1378 2266 exilium

112 2321 201 2387 mitti
224 2321 370 2402 potuerit
383 2312 432 2404 77).
479 2319 552 2405 Qua
575 2319 608 2384 in
632 2340 668 2384 re
691 2320 752 2385 hoo
781 2320 920 2401 primum
944 2318 1115 2386 observari
1138 2319 1245 2397 debet,
1277 2315 1380 2382 vitam

109 2474 426 2482 ——-———-·—-—-

218 2566 241 2633 ¹)
269 2568 385 2621 Praetut.
404 2568 502 2620 Juven.
523 2568 597 2637 edit,
615 2585 641 2637 p.
662 2568 699 2619 1v
719 2583 760 2636 sq.
780 2597 813 2607 —
831 2567 875 2620 De
894 2573 945 2620 sat.
966 2573 1035 2637 sept.
1055 2572 1138 2637 temp.
1156 2584 1183 2636 p.
1203 2566 1220 2617 3
1240 2581 1281 2633 sq.

218 2657 241 2722 7)
272 2656 372 2709 (iesoh.
392 2657 418 2709 d.
435 2658 565 2710 rbmisoh.
585 2658 706 2726 Literat,
725 2658 746 2709 I.
764 2657 815 2708 Bd.
835 2657 859 2709 1.
878 2657 965 2710 Abth.
982 2674 1008 2727 p.
1028 2656 1079 2708 691
1099 2656 1130 2723 (4
1149 2656 1236 2721 edit).

218 2744 241 2811 7)
268 2747 298 2808 L.
318 2747 400 2816 laud,
418 2762 444 2814 p.
464 2746 523 2798 756.
543 2777 577 2784 —
595 2747 673 2798 Neue
691 2745 786 2798 Jahrb.
806 2746 822 2796 f.
842 2745 911 2797 Phil.
931 2745 1050 2823 ulad,
1069 2745 1118 2797 Bd.
1137 2744 1172 2796 43
1191 2761 1217 2814 p.
1237 2743 1298 2796 109.

216 2833 241 2901 7)
270 2833 417 2887 Grundriss
444 2836 492 2887 der
516 2834 674 2888 rtimisehen
697 2835 842 2903 hilaratur,
867 2835 965 2887 Fiinfte
990 2834 1192 2903 Bearbeitung,
1215 2833 1236 2886 Ι.
1255 2832 1378 2887 Abtheil.

111 2924 336 2993 Braunsehweig,
355 2924 424 2976 1869
442 2942 469 2994 p.
488 2925 548 2977 644.

217 3014 240 3080 7)
268 3014 323 3066 Des
342 3014 484 3067 Juvenalis
510 3015 618 3067 seohste
637 3016 741 3086 Satine,
764 3015 996 3084 Braunsohweig,
1021 3013 1099 3083 1854,
1125 3013 1235 3064 Einleit.
1254 3029 1281 3081 p.
1299 3010 1325 3063 4.
1345 3041 1378 3052 ·-

112 3103 163 3155 Die
183 3103 290 3154 Satireu
314 3103 361 3155 des
380 3103 522 3156 Juvenalis
547 3106 597 3155 mit
621 3105 784 3157 metriseher
802 3105 1018 3174 Uebersetzung,
1037 3104 1157 3172 Leipzig,
1181 3101 1252 3153 1858
1269 3102 1300 3152 ιιι
1320 3115 1378 3170 oap.

112 3191 186 3258 quod
203 3191 363 3243 inscribitur
383 3192 453 3258 „Zur
472 3193 736 3259 Lebensgesehiehte
757 3194 805 3246 des
824 3193 980 3261 Diehters“,
997 3209 1024 3263 p.
1043 3191 1106 3244 XVI
1126 3206 1166 3258 eq.

216 3278 240 3344 4)
267 3279 980 3352 Juvenaletsessatires,1ntroduo10n1).qu

218 3368 240 3436 7)
269 3370 454 3423 Annotazioni
473 3387 489 3423 a
509 3370 666 3441 Grovenale,
684 3389 710 3441 p
730 3371 790 3424 512.

216 3460 240 3524 4)
268 3461 297 3512 L.
315 3460 333 3514 l
351 3477 378 3529 p.
398 3460 440 3512 18.

216 3546 240 3614 ⁹)
268 3550 296 3601 L.
316 3549 332 3604 1
352 3567 378 3618 p.
397 3549 486 3602 xvm
505 3565 545 3618 sq.
627 3536 629 3539 “

208 3637 241 3705 ¹⁰)
269 3640 297 3691 L
316 3639 334 3691 l.
353 3656 377 3709 p.
399 3638 450 3690 207
470 3654 510 3706 sq.

208 3728 242 3794 ¹¹)
269 3729 298 3780 L.
317 3729 335 3780 l.
355 3729 464 3780 Einleit.
484 3729 550 3794 §21
570 3745 610 3797 sq.

208 3817 242 3882 77)
269 3818 297 3869 L.
316 3817 334 3868 1.
353 3834 380 3886 p.
399 3815 433 3868 26
452 3833 493 3885 oq.

208 3904 241 3972 77)
269 3906 323 3958 Zur
335 3906 427 3958 Kritik
439 3907 495 3958 und
507 3907 665 3976 Erkl'atrung
678 3907 726 3959 der
739 3909 846 3960 Satiren
861 3908 886 3960 d.
896 3908 1023 3978 Juvenal,
1040 3906 1149 3976 Konitz,
1169 3905 1236 3982 1871
1250 3923 1275 3976 p.
1287 3906 1302 3956 5
1314 3913 1341 3957 et
1351 3903 1376 3960 6.

208 3995 241 4061 77)
271 3995 332 4047 Vid.
352 4011 425 4064 supr.
444 4013 470 4065 p.
490 3994 524 4047 18
544 4012 584 4063 sq.

207 4084 241 4149 7)
268 4085 296 4136 L.
315 4085 334 4136 1.
352 4102 378 4154 p.
397 4084 431 4136 19
451 4100 491 4153 sq.

209 4171 243 4242 74)
270 4174 343 4226 Edit.
356 4173 439 4243 laud,
457 4175 570 4243 praefat.
589 4191 615 4244 p.
628 4175 676 4244 XI,
693 4175 753 4228 XII.
772 4205 804 4214 —
824 4176 881 4228 Der
893 4177 972 4229 echte
985 4177 1041 4229 und
1059 4177 1107 4228 der
1120 4174 1237 4227 uneehte
1249 4173 1375 4243 Juvenal,

111 4279 138 4332 p.
158 4261 199 4314 69.
220 4292 252 4301 -
271 4263 467 4332 Antiquiorum
486 4266 597 4316 nomina
615 4265 668 4318 huo
680 4268 847 4334 pertinentia
859 4267 934 4336 apud
950 4267 1136 4319 Hermannum
1148 4267 1176 4316 in
1190 4265 1376 4335 disputatione

110 4351 185 4404 laud.
220 4351 263 4404 De
280 4352 377 4406 Juven.
398 4358 447 4405 eat.
468 4358 537 4422 sept.
556 4358 638 4423 temp.
657 4372 683 4424 p.
704 4355 720 4406 3
741 4360 768 4407 et
785 4357 803 4408 4
821 4361 982 4408 enumerata
999 4356 1133 4408 iuvenies.

208 4439 242 4507 ¹⁷)
268 4441 310 4493 De
328 4442 447 4513 Nerone,
466 4441 529 4495 Tito
555 4446 583 4495 et
599 4443 700 4514 Nerva,
720 4446 766 4512 qui
784 4450 911 4498 auctores
936 4445 1013 4497 exilii
1036 4445 1210 4498 anonnullis
1232 4458 1374 4514 perperam
