2992 4808
725 253 766 313 47

642 337 853 345 m

111 463 258 546 πολεμίοις
281 462 331 525 ὤν.
355 463 402 526 καὶ
424 462 478 547 γὰρ
501 463 593 547 θήρας
615 463 662 526 καὶ
686 461 847 546 συμποσίων
871 459 963 546 ἔργων
987 485 1019 525 τε
1043 463 1091 525 καὶ
1125 462 1330 546 βουλευμάτων
1353 485 1385 524 τε

113 584 285 664 συμμετεῖχε
306 578 391 663 σφίσι,
415 579 463 641 καὶ
485 579 622 647 πολλάκις
644 579 692 642 καὶ
706 577 839 663 τέταρτος
859 581 974 664 ὠχεῖτο,
999 577 1030 646 ἐς
1051 601 1083 641 τε
1106 577 1155 648 τὰς
1178 577 1267 647 οἰκίας
1290 576 1384 664 αὐμῶν

112 694 162 757 καὶ
183 692 252 757 ἄνευ
274 717 309 777 γε
324 697 451 778 φρουρᾶς
466 691 539 758 ἔστιν
563 694 603 757 ὧν
623 693 706 758 ἐσιὼν
721 689 894 778 εὐθυμεῐτοίι
905 687 938 774 ¹).
984 690 1217 773 Astacenus,
1234 691 1385 775 Pyladen

115 807 203 889 apud
245 808 423 873 Traianum
470 808 668 875 Juvenalem
712 812 848 890 propter
886 807 965 874 duos
1008 824 1124 874 versus
1167 807 1385 874 accusavisse.

112 922 200 1008 Quid
216 923 342 1008 igitur?
388 923 424 992 Si
442 923 559 1007 omnia,
577 943 659 1004 quae
676 923 717 991 de
730 923 867 991 Traiani
883 923 992 990 indole
1008 923 1215 1004 moribusque
1232 923 1381 1005 diximus

111 1039 335 1124 respiciamus,
360 1039 440 1107 illud
460 1040 553 1106 nobis
570 1039 834 1121 probatissimum
856 1039 930 1123 erit,
956 1038 1114 1105 eiusmodi
1142 1039 1385 1106 accusationem

111 1156 213 1222 risum
251 1156 404 1223 Caesaris
439 1155 585 1222 excitare
619 1155 778 1237 potuisse.
824 1156 912 1222 Nam
947 1155 1036 1237 ipsos
1070 1154 1145 1221 illos
1169 1173 1284 1221 versus
1319 1154 1384 1220 iam

112 1278 290 1354 propterea
320 1272 362 1338 od
394 1292 430 1339 se
462 1271 624 1339 Traianus
656 1269 780 1338 reterre
812 1291 876 1338 non
909 1272 1025 1355 potuit,
1061 1271 1147 1354 qnod
1178 1271 1212 1337 in
1244 1269 1385 1352 septima
1471 1317 1474 1323 -

112 1388 227 1471 satira,
253 1387 306 1454 cni
322 1407 436 1455 versus
460 1388 510 1453 illi
530 1388 646 1454 inserti
663 1393 768 1472 erant,
794 1408 814 1454 a
829 1388 855 1452 J
855 1388 994 1456 uvenale
1018 1408 1053 1454 se
1068 1387 1197 1455 laudari
1213 1382 1383 1472 videret2).

112 1502 163 1568 At
197 1503 257 1569 has
290 1503 404 1570 laudes
441 1502 585 1570 modicas
620 1502 823 1588 frigidasque
856 1523 944 1588 esse,
985 1503 1132 1571 nonnulli
1169 1502 1336 1570 affirmant
1346 1499 1383 1584 ⁸).

112 1618 214 1685 Haud
242 1624 343 1685 recte.
390 1619 476 1685 Nam
504 1625 541 1685 nt
569 1618 716 1686 Strockii
744 1618 855 1685 verbis
883 1624 967 1702 utar,
1004 1617 1245 1703 „panegyricus
1278 1617 1384 1684 satira

112 1753 176 1800 non
201 1740 261 1818 est,
286 1754 368 1816 quae
391 1735 426 1800 in
442 1741 634 1801 transcursu
657 1739 796 1818 tantum,
820 1739 858 1801 nt
873 1733 1173 1801 dissimilitudinum
1198 1733 1382 1800 coniunctio

112 1850 244 1932 evadat,
269 1851 316 1916 eis
340 1850 454 1916 laudes
479 1849 623 1916 tribuere
648 1850 741 1932 solet,
766 1849 831 1932 qui,
859 1848 1102 1931 complerique
1127 1848 1184 1915 alii
1207 1868 1261 1914 res
1284 1848 1384 1914 utiles

115 1985 155 2031 ao
178 1967 281 2030 bonas
309 1970 528 2048 contemnant,
560 1963 681 2046 optime
710 1964 750 2030 de
779 1965 826 2030 eis
850 1969 1026 2031 merentur.
1072 1965 1192 2045 Itaque
1221 1968 1256 2028 et
1279 1964 1383 2030 satira

112 2082 254 2162 septima
277 2080 310 2146 in
328 2071 506 2147 Traianum
530 2080 675 2146 sinceras
699 2079 845 2145 cumulat
868 2085 903 2145 et
926 2078 1057 2145 minime
1074 2079 1245 2146 affectatas
1268 2078 1383 2146 laudes

113 2198 246 2265 casola
270 2199 309 2263 de
333 2217 442 2280 carisa,
471 2203 509 2263 ut
538 2201 692 2278 quantum
726 2196 796 2262 eius
819 2196 989 2262 literarum
1019 2195 1249 2289 hominumque
1270 2196 1383 2263 litera·

113 2321 219 2381 torum
251 2314 347 2380 lavor
379 2335 399 2379 a
431 2312 620 2395 proceribus
652 2311 783 2378 differat
814 2311 1043 2394 perspiciatur.
1100 2310 1195 2396 Quod
1229 2316 1267 2376 ut
1296 2331 1383 2378 asse·

114 2438 285 2514 queretur,
309 2430 388 2497 nihil
421 2433 494 2495 erat
528 2448 585 2494 cur
617 2428 764 2510 pluribus
788 2433 821 2494 et
857 2427 1086 2494 disertioribus
1122 2426 1276 2493 laudibus
1311 2446 1383 2493 eum

114 2539 311 2626 efferret“⁴).
357 2543 461 2629 Quam
486 2546 526 2609 ob
549 2564 618 2610 rem
633 2545 715 2610 lraec
732 2563 815 2625 quae
838 2543 880 2609 ad
897 2542 1075 2613 Traianum
1092 2548 1244 2624 spectant
1267 2543 1382 2628 primo,

113 2667 152 2727 nt
174 2661 223 2728 ito
246 2661 361 2745 dicam,
386 2666 521 2742 aspectu
544 2660 673 2727 modica
695 2659 880 2742 frigidaque
912 2659 1080 2740 videntum
1109 2659 1243 2741 propius
1272 2662 1382 2724 autem

113 2777 315 2843 intuentibus
340 2776 505 2843 contraria
520 2777 755 2842 demonstrant.
803 2773 925 2840 Sensus
950 2773 1036 2839 enim
1058 2791 1211 2841 versuum
1238 2771 1293 2840 hic
1315 2778 1381 2841 est:

114 2892 188 2960 Viri
216 2894 338 2959 litteris
367 2892 470 2959 dediti
497 2893 618 2958 nnllam
646 2893 768 2958 habent
795 2909 885 2972 spem
913 2888 1071 2955 utilitatis
1100 2888 1238 2955 alienius
1272 2889 1381 2956 esuis

113 3006 278 3073 laboribus
310 3007 496 3089 capiendae,
531 3007 670 3088 nullam,
705 3024 763 3070 cur
786 3005 976 3071 incumbant
998 3004 1031 3070 in
1056 3003 1173 3088 studia,
1209 3004 1381 3088 rationem,

113 3123 176 3189 nisi
191 3123 224 3188 in
240 3123 447 3204 imperatoris
462 3121 694 3187 benevolentia
710 3125 744 3186 et
759 3119 961 3186 liberalitate
977 3118 1134 3202 positam3
1158 3138 1241 3185 nnus
1260 3119 1381 3186 etenim

113 3237 294 3305 (laeserim
317 3257 426 3305 musas
459 3239 519 3302 hoc
547 3242 693 3318 tempore
727 3234 868 3301 afflictas
895 3235 1005 3302 oculos
1035 3233 1178 3301 coniecit
1205 3252 1382 3317 earumque

113 3353 255 3436 inopiam
279 3360 315 3420 et
342 3353 547 3420 solitudinem
579 3350 767 3419 sublevavit
778 3346 813 3434 ⁵).
860 3350 1086 3418 Studiosorum
1109 3369 1203 3417 nemo
1228 3352 1381 3433 deinceps

112 3469 223 3550 inopie
246 3468 496 3552 conflictantur,
520 3469 681 3535 neminem
704 3466 737 3533 in
761 3473 927 3550 posterum
955 3487 997 3533 ex
1028 3466 1080 3550 iis,
1111 3467 1165 3548 qui
1195 3466 1238 3534 ad
1265 3466 1380 3550 poesin

113 3585 255 3651 animum
296 3585 522 3668 applicabunt,
561 3589 693 3668 egestas
738 3589 834 3666 coget
866 3584 908 3650 ad
943 3588 1032 3649 artes
1068 3581 1217 3649 sordidas
1249 3588 1284 3649 et
1315 3581 1381 3665 ipsi

113 3699 265 3785 indignas
289 3697 532 3784 descenderel).
587 3699 696 3767 Macti
719 3698 854 3784 animm,
878 3697 1118 3766 adolescentesl
1154 3717 1195 3766 en
1228 3699 1381 3782 princeps

220 3885 243 3952 ¹)
270 3885 324 3938 Dio
345 3883 420 3937 (lass.
439 3885 559 3955 LXVIII,
579 3887 594 3938 ‘l
614 3889 627 3951 ἕ
646 3885 671 3938 3.

217 3974 242 4041 ²)
271 3971 309 4026 Of.
331 3990 401 4043 quae
421 3990 506 4045 supra
522 3991 550 4045 p.
569 3974 604 4026 19
623 3991 664 4042 eq.
684 3974 717 4026 dc
736 3974 788 4027 hcc
807 3990 836 4027 re
856 3974 985 4028 diximus.

218 4061 243 4130 ³)
271 4063 332 4117 Vid.
352 4063 542 4134 Synnerberg„
561 4065 579 4115 l.
598 4063 615 4115 l.
634 4080 661 4133 p.
681 4062 723 4116 80.

217 4151 242 4220 ⁴)
269 4154 311 4206 De
331 4154 423 4222 exilio,
442 4170 468 4222 p.
487 4152 529 4205 28.

220 4242 244 4309 ⁵)
272 4243 327 4296 Set.
353 4241 518 4312 v11‚1-3:
562 4242 614 4308 „nt
637 4257 701 4311 spes
727 4246 755 4295 et
781 4243 853 4294 ratio
878 4242 1034 4295 studiorum
1055 4243 1084 4294 in
1112 4240 1231 4296 Caesare
1255 4245 1373 4296 tautum:

113 4331 194 4385 Solus
214 4333 288 4384 enim
307 4334 399 4385 tristes
417 4331 470 4384 hec
488 4335 653 4401 tempestate
673 4347 801 4384 eumenes
819 4331 961 4401 Respexit.

218 4418 243 4487 θ)
260 4419 422 4474 laem-18:
437 4421 540 4488 „Nemo
548 4419 1380 4490 temenstudiisindignumierneloborembouetnrpsstnser
