2992 4808
644 285 855 375 ...6,-

116 492 154 574 si,
179 496 218 556 ut
234 489 511 556 Friedlaenderus
528 488 690 575 opinatur,
719 509 793 558 ann.
812 497 852 556 67
869 493 967 556 natus
983 494 1082 556 esset.
1123 489 1206 556 Inde
1224 490 1383 575 sequitur,

115 613 153 673 ut
176 611 236 672 aut
251 608 333 672 haec
349 612 407 672 aut
421 607 480 672 illa
497 606 664 673 sententia
678 606 765 674 falsa
780 607 834 674 sit.
880 605 930 672 At
948 606 1117 687 quominus
1134 607 1266 672 exilium
1282 608 1307 673 J
1308 626 1385 674 ure·

114 723 282 790 nalianum
303 723 345 788 ad
368 722 504 789 Traiani
527 723 581 790 161
600 723 767 790 Hadriani
786 727 935 804 tempora
950 721 1174 789 removeamris
1196 723 1315 807 multa,
1346 729 1384 790 ut

116 841 240 923 opinor,
264 858 303 905 ac
324 839 510 904 firmissima
532 845 755 923 argumenta*
771 839 810 905 de
839 838 955 920 quibus
976 838 1064 904 inira
1086 839 1179 906 nobis
1201 839 1382 922 disputatio

115 957 189 1039 erit,
213 957 343 1022 obstare
357 954 511 1022 videntur
523 950 558 1038 ¹).
605 955 657 1020 De
673 955 699 1020 J
701 954 849 1021 uvenalis
883 973 962 1022 1616
988 955 1093 1021 661611
1108 974 1208 1039 6666,
1233 956 1383 1022 aFried-

115 1070 269 1138 laendero
293 1069 469 1153 proposito,
494 1071 575 1137 satis
599 1072 677 1136 mihi
700 1071 885 1152 disputasse
907 1072 1031 1138 videor.

219 1185 331 1252 Altero
352 1187 509 1251 6611166116
542 1207 563 1251 6
591 1187 756 1252 Weidnero
779 1188 909 1268 prolata
932 1182 1027 1268 est2).
1064 1187 1277 1254 Testimoniis
1299 1189 1383 1255 auti·

117 1319 255 1383 quarum
270 1300 413 1369 vitarum
429 1301 499 1366 sine
518 1319 616 1368 causa
638 1301 756 1368 idonea
777 1287 965 1387 6111661161),
989 1303 1187 1370 iuvenalem
1210 1303 1381 1370 6660111.

118 1423 156 1483 57
189 1420 302 1483 natum
343 1435 413 1482 esse
447 1415 591 1482 affirmat
600 1411 638 1500 ⁴).
694 1415 749 1482 Ad
782 1419 868 1484 hanc
908 1419 1129 1486 coniecturam
1172 1422 1381 1502 comproban-

102 1534 191 1599 dam
214 1532 298 1599 satis
321 1533 420 1598 habet
442 1531 580 1616 dixisse,
611 1537 778 1599 auctorem
801 1534 923 1600 satirae
947 1541 1077 1618 sextae,
1102 1554 1184 1616 quae
1208 1554 1292 1601 anno
1318 1542 1380 1602 116

117 1651 249 1717 roilli
274 1655 349 1731 post
365 1649 441 1715 0111.
458 1653 526 1715 nat.
546 1649 732 1731 conscripta
748 1651 954 1718 manifestam
977 1671 1120 1718 summae
1143 1651 1381 1736 indignationis

114 1773 224 1833 notam
257 1771 355 1846 atque
383 1765 541 1831 orationis
570 1767 711 1832 colorem
741 1766 866 1849 ingenii
889 1768 915 1833 J
916 1767 1105 1835 uvenaliani
1130 1768 1297 1850 proprium
1332 1789 1381 1836 os·

115 1882 233 1966 tendit,
257 1882 545 1964 septuagenarium
569 1902 678 1949 senem
696 1903 850 1950 essenon
871 1883 1017 1965 potuisse
1026 1879 1061 1967 ⁵).
1101 1882 1166 1950 Sed
1182 1885 1255 1967 quis
1271 1890 1380 1969 neget,

116 2000 313 2066 Juvenalem
337 2001 434 2066 etiam
459 2001 759 2085 septuagenarium,
789 2003 852 2067 hac
876 2006 989 2083 „reeta
1012 1998 1203 2068 senectute“
1217 1999 1258 2084 6),
1289 2001 1381 2068 cuius

120 2118 190 2199 ipse
205 2117 352 2183 meminit
366 2111 401 2202 ⁷),
424 2136 518 2183 usum
534 2117 627 2184 esse?
651 2118 769 2184 Nonne
793 2136 853 2183 usu
876 2136 984 2182 rerum
1008 2116 1207 2200 quotidiano,
1231 2122 1270 2183 nt
1292 2124 1382 2185 recte

116 2232 377 2317 Synnerbergius
401 2234 536 2315 monuit,
562 2233 691 2316 „edocti
714 2232 823 2299 sciunt
846 2252 972 2317 616666,
997 2238 1197 2315 quantopere
1221 2232 1274 2302 161
1297 2252 1380 2300 nnus

114 2368 218 2415 annus
241 2350 284 2414 ad
305 2349 472 2431 ingenium
495 2349 581 2415 senis
605 2348 842 2416 immutandum
872 2348 1170 2430 debilitandumque
1193 2345 1327 2417 valeat“
1342 2345 1378 2432 ⁸).

113 2464 295 2531 Praeterea
329 2466 513 2547 negandum
549 2470 713 2550 nonest,
748 2465 774 2530 J
775 2465 946 2533 uvenalem
980 2470 1107 2532 sextam
1142 2465 1279 2531 satiram
1315 2464 1379 2532 alio

114 2585 260 2662 tempore
290 2581 461 2662 scripsisse
491 2581 554 2647 alio
585 2581 740 2647 emisisse.
785 2582 871 2648 Nam
901 2600 966 2647 non
995 2581 1098 2648 solum
1120 2582 1373 2662 16166661116,

115 2697 229 2764 sedin
253 2698 328 2765 aliis
352 2718 476 2781 quoque
504 2701 609 2765 lusum
639 2704 673 2764 et
699 2698 955 2780 indignationem
984 2701 1052 2764 tarn
1077 2716 1175 2780 aegre
1199 2697 1377 2779 discernas,

113 2819 151 2878 61
172 2814 337 2880 interdum
359 2816 629 2897 epigrammatum
644 2815 753 2896 potius
774 2813 891 2880 seriem
914 2814 992 2880 laxa
1015 2814 1253 2880 sententiarum
1276 2812 1379 2879 conti-

113 2930 241 2996 nuitate
264 2929 409 2997 iunctam
432 2931 542 3013 legere
565 2928 756 3015 videaris⁹).
802 2930 945 2997 Dubium
972 2928 1083 3010 itaque
1110 2948 1175 2995 non
1204 2936 1271 3012 est,
1302 2929 1379 3011 quin

116 3064 245 3112 carmen
268 3052 336 3112 tam
359 3047 491 3130 longum
514 3050 673 3128 tantaque
696 3049 848 3112 ubertate
877 3065 985 3112 rerum
1016 3046 1194 3129 copiosum,
1225 3065 1289 3112 non
1313 3065 1377 3112 nno

114 3167 227 3228 tenore
251 3163 471 3245 conscriptum
495 3161 555 3245 sit,
584 3163 641 3228 sed
664 3161 775 3228 multis
798 3163 895 3229 rebus
918 3165 1035 3244 postea
1056 3164 1097 3229 ab
1120 3162 1191 3243 ipso
1215 3161 1377 3244 scriptore

344 3315 432 3322 ...ἡ

323 3609 338 3634 .,
409 3610 414 3622 .

217 3657 242 3725 ⁴)
261 3659 340 3728 Ibid,
359 3662 373 3723 §
392 3660 416 3710 5.

219 3747 243 3814 ⁵)
261 3748 341 3817 Ibid,
360 3751 374 3812 §
392 3747 408 3799 3
428 3746 498 3799 614.

219 3835 243 3904 θ)
263 3838 305 3891 Sc.
325 3837 448 3889 nondum
467 3839 614 3889 incurvans
635 3851 744 3905 corpus,
762 3836 886 3889 nondum
898 3837 971 3888 iners
987 3841 1014 3887 61
1026 3836 1167 3906 languida,
1186 3837 1236 3888 sed
1249 3852 1375 3909 operosa,

113 3942 198 3994 agene
224 3927 384 3979 6616611666
410 3926 522 3995 aliquid,
547 3927 656 3994 qualem
679 3925 774 3978 16111161
793 3924 896 3995 Cicero,
919 3925 962 3977 De
986 3929 1086 3978 666661.
1106 3923 1148 3978 26.
1186 3924 1225 3977 Cf.
1245 3925 1322 3978 Geli..
1341 3929 1375 3998 X,

112 4013 147 4065 28
166 4019 194 4066 et
213 4013 354 4067 06666116.
391 4014 433 4066 Ι)6
453 4014 495 4066 die
514 4020 569 4066 nat.
588 4014 632 4066 14.

218 4101 445 4173 DmQffi

218 4190 242 4260 8)
271 4193 320 4263 Op.
337 4194 412 4246 laud.
439 4209 466 4262 p.
494 4191 537 4245 89.
554 4221 590 4232 -
607 4192 681 4245 Haec
706 4195 790 4245 611616
808 4192 1071 4262 adStampinum(l.
1089 4193 1107 4245 l.
1126 4210 1152 4262 p.
1172 4193 1221 4259 18)
1240 4199 1374 4266 spactant,

114 4284 161 4350 qui
180 4283 238 4334 sine
250 4282 309 4334 6116
319 4283 420 4336 idonea
435 4297 518 4335 66666
531 4281 693 4334 iuvenalem
706 4284 912 4351 octogenarium
925 4284 1024 4335 6611166
1033 4281 1098 4335 xm
1110 4286 1138 4335 et
1149 4283 1199 4337 XV
1211 4284 1373 4339 brevissimo

112 4373 245 4441 temporis
265 4373 354 4441 spatio
371 4373 516 4424 1616116616
537 4372 708 4425 conscribere
726 4373 852 4441 potuisse
870 4377 961 4444 negat.

217 4457 242 4526 ⁰)
269 4459 415 4532 Hermann,
433 4462 518 4532 praef.
537 4461 580 4515 ed.
598 4460 707 4534 11116.
725 4460 799 4519 uid.
