2992 4808
81 476 241 556 potuisse3
278 475 325 540 sie
352 475 436 540 enim
468 475 644 555 commode,
674 479 711 539 ut
734 473 994 557 Syuuerbergius
1024 478 1112 538 recte
1142 469 1341 553 observavit,

78 590 229 672 intellegi
253 591 532 672 demonstrarique
556 591 643 672 lieet,
674 609 770 671 quam
794 592 833 654 ob
857 607 986 655 causam
1011 606 1095 652 nunc
1119 589 1211 654 uolut
1230 588 1344 651 umbra

80 707 237 786 quaedam
272 725 359 788 uaga
391 713 425 772 et
454 707 582 772 incerta
614 707 706 772 uobis
734 707 773 771 de
802 706 874 771 vita
905 705 1080 770 Juvenalis
1110 701 1343 784 quaerentibus

80 823 192 888 oblata
214 823 258 886 sit
270 818 304 904 ¹).
351 821 414 889 Sed
438 824 592 887 hocloco
617 823 713 902 certi,
733 828 771 886 ut
793 821 917 904 opinor,
941 820 1021 885 fines
1045 818 1239 885 observandi
1258 825 1342 884 sunt.

80 939 165 1003 Nam
190 939 223 1003 in
246 939 411 1004 Probiana
435 939 525 1016 etin
550 939 623 1004 aliis
638 939 722 1003 'uitis
745 937 901 1003 nonnulla
917 936 1062 1017 vestigia
1085 935 1209 1002 veteris
1232 952 1345 1000 narra·

80 1053 178 1119 tionis
194 1055 276 1119 satis
293 1056 382 1120 clara
399 1060 433 1118 et
449 1055 605 1120 distincta
620 1059 856 1120 remanserunt.
894 1051 974 1136 Quo,
997 1058 1130 1132 praeter
1146 1049 1343 1131 testimonia,

80 1169 144 1234 iam
169 1189 269 1250 supra
292 1167 438 1252 allata2),
471 1170 563 1236 exilii
586 1170 708 1235 mentio
732 1170 892 1251 pertinet,
922 1168 1013 1234 ouius
1036 1167 1156 1232 termam
1181 1167 1236 1231 uix
1260 1165 1345 1246 quis-

81 1305 176 1366 quam
212 1307 253 1352 ex
284 1287 414 1369 iugenio
447 1288 593 1368 arripere
621 1287 675 1352 uel
706 1306 746 1351 ex
776 1285 888 1351 satiris
912 1285 1035 1367 fingere
1058 1285 1181 1365 potuit,
1215 1301 1288 1347 eum
1312 1280 1345 1346 in

80 1408 199 1482 poetae
223 1403 475 1468 carminibusue
492 1402 634 1484 vestigia
651 1402 778 1482 quidem
800 1402 894 1466 huius
914 1401 963 1466 rei
980 1406 1119 1466 exstent.
1160 1395 1344 1478 Strackius‚

81 1519 308 1598 praeiudicata
332 1519 483 1600 opinione
507 1525 632 1599 eaptus,
656 1517 794 1598 primum
820 1537 860 1583 ex
882 1518 1006 1582 duobus
1030 1517 1206 1582 satirarum
1228 1509 1345 1595 locis')

81 1640 148 1700 tum
172 1655 189 1699 e
212 1635 343 1699 scholiis
362 1636 402 1700 ad
419 1635 555 1700 satiram
578 1635 722 1715 quintam
740 1634 896 1699 decimam
908 1627 935 1712 4)
951 1632 1040 1698 exilii
1057 1632 1176 1698 famam
1195 1628 1344 1694 extitisse

82 1750 260 1815 contendit.
308 1751 372 1816 Sed
394 1751 528 1816 frustra.
575 1751 662 1816 Nam
687 1770 703 1814 e
727 1750 891 1816 versibus:
1074 1833 1136 1885 Ur

1059 1872 1071 1898 ,‚
1099 1850 1116 1884 n
1138 1848 1152 1884 e

261 1924 267 1938 ⁹
344 1908 487 1975 ingenium
506 1924 557 1976 par
576 1909 726 1959 materiae?
745 1906 817 1958 unde
837 1906 885 1957 ille
904 1906 1028 1973 priorum

347 1995 489 2048 Scribendi
509 1995 701 2063 quodcumque
720 1997 812 2046 animo
832 1995 966 2062 flagrante
985 1993 1085 2045 liberet

346 2084 529 2152 Simplicitas“
542 2085 574 2152 ³),

84 2163 117 2222 et
139 2178 180 2222 ex
202 2159 289 2223 loco:
530 2158 533 2164 ’

348 2243 444 2310 „Quod
463 2260 517 2296 non
538 2244 604 2296 dont
621 2259 748 2312 proceres
769 2244 844 2295 dabit
869 2242 980 2295 histrio:
1001 2247 1031 2294 tu
1054 2241 1213 2294 Camerinos

347 2334 383 2385 Et
400 2334 525 2404 Baream,
544 2339 574 2385 tu
592 2334 727 2386 nobilium
746 2349 847 2402 magne
865 2335 936 2385 atria
954 2329 1101 2397 curas“?⁶)

83 2454 146 2500 non
172 2435 243 2499 dico
268 2435 507 2516 interpretandi
530 2435 737 2501 iudicandive
762 2435 934 2516 imperitus
958 2439 1052 2499 vetus
1077 2431 1264 2511 scholiasta,
1290 2428 1348 2495 sed

83 2551 272 2633 ingeniosus
293 2551 420 2631 quidem
443 2553 547 2617 nostri
563 2552 638 2616 rtevi
654 2553 748 2616 homo
772 2552 886 2616 doctus
909 2549 990 2614 nibil
1016 2551 1056 2614 de
1079 2546 1176 2614 exilio
1201 2546 1350 2612 conicere

84 2666 199 2746 potuit.
257 2666 381 2732 Eadem
406 2667 445 2730 de
468 2667 592 2732 ultimis
616 2667 740 2748 primae
764 2667 888 2732 satirae
912 2667 1078 2732 versibus:

350 2780 509 2848 „Experiar⁷
528 2779 593 2847 quid
611 2780 778 2831 concedatur
795 2781 824 2830 in
842 2778 907 2847 illis,

349 2867 473 2933 Quorum
490 2868 626 2920 Flaminia
644 2871 747 2936 tegitur
766 2869 834 2919 ciuis
854 2872 936 2934 atque
955 2867 1078 2934 Latiua“‚

86 2975 175 3034 recte
198 2969 262 3033 diei
286 2974 432 3050 possunt.
477 2971 507 3033 E
532 2970 655 3034 satirae
679 2987 756 3035 uero
781 2969 913 3050 quintae
937 2967 1081 3032 decimae
1104 2965 1268 3030 uersibus:

1028 3077 1161 3143 „Horrida
1180 3093 1246 3129 sane

349 3171 502 3241 Aegyptus,
522 3171 571 3223 sed
589 3172 708 3240 luxuria,
728 3175 861 3238 quantum
879 3171 939 3238 ipse
958 3170 1062 3237 notavi,

350 3261 473 3313 Barbara
491 3262 598 3312 famoso
617 3275 672 3312 non
693 3261 765 3312 cedit
784 3260 865 3311 turbo
885 3258 1013 3327 Oauopo“
1029 3255 1061 3325 ⁷),

87 3370 124 3427 ut
152 3364 215 3428 iam
252 3363 431 3428 Salmasius
446 3359 470 3444 8)
501 3361 621 3442 aliique
644 3369 733 3426 recte
755 3357 1010 3443 affirmarunt,
1040 3360 1195 3439 sequitur,
1221 3369 1350 3436 poetam
1441 3370 1444 3374 ·

88 3479 260 3558 aliquando
273 3480 305 3543 in
323 3478 478 3561 Aegypto
492 3477 723 3560 peregrinandi
737 3497 836 3543 eausa
846 3475 958 3543 fuisse.
987 3475 1087 3541 Haud
1101 3474 1205 3540 miuus
1217 3473 1352 3554 insulsa,

245 3653 288 3703 De
307 3652 486 3721 temporibus,
505 3669 530 3720 p.
550 3651 575 3703 9.

246 3741 306 3791 Vid.
325 3758 352 3809 p.
372 3739 467 3793 6-10.

246 3830 287 3880 De
307 3831 399 3896 emilie,
417 3847 444 3897 p.
464 3830 506 3881 10.

246 3919 322 3986 loia,
341 3936 367 3987 p.
387 3919 430 3970 19.

195 4009 205 4041 ³¹
248 4008 303 4060 Sat.
322 4009 342 4076 l,
361 4007 509 4059 150-152.

195 3653 202 3682 1

195 3741 204 3772 2

194 3827 205 3860 3

205 3655 218 3894 Χ-Ἀψψ

194 3916 203 3947 l

205 3921 218 4074 ψψ

195 4096 206 4128 ὃ
248 4098 302 4150 Sat.
324 4097 381 4164 vn,
400 4096 433 4148 89
454 4102 481 4148 et
498 4097 540 4148 90.

248 4187 326 4238 Vers.
346 4185 459 4237 44--4o

247 4275 455 4327 Exe1·oit.Pliu.
474 4292 500 4342 p.
520 4274 579 4325 452.

250 4365 366 4417 Uberius
382 4365 479 4416 dehac
493 4379 521 4415 re
535 4379 623 4432 nuper
637 4364 787 4432 disputavit
800 4362 1026 4430 Synuerbergius,
1046 4378 1071 4429 p.
1084 4359 1197 4412 45-48.
1216 4389 1251 4399 -ν
1270 4358 1356 4411 Stern-

91 4456 156 4523 pini,
174 4470 201 4523 p.
221 4452 255 4504 60
274 4459 301 4505 et
319 4453 360 4508 61.

197 4185 206 4216 l

207 4101 219 4340 vv&

196 4279 207 4306 s

197 4363 207 4395 b

209 4369 221 4430 ψ
