2992 4808
723 286 762 346 57

634 371 845 379 —a--—-—-

106 493 240 561 minime
276 492 420 561 dubitari
448 513 545 576 posse
574 494 755 562 contendat
766 490 799 580 ¹).
849 497 903 562 De
931 494 1098 560 contraria
1126 512 1206 560 vero
1233 493 1379 562 Strackii

106 609 274 678 sententia
286 629 351 677 non
367 614 419 676 est
435 609 526 692 quod¹
536 610 639 678 fusius
656 610 828 694 disputem.
874 611 938 675 IIle
961 608 1047 676 enim
1063 609 1158 675 homo
1183 609 1298 676 doctus
1313 629 1378 676 non

105 732 174 794 tam
191 727 232 792 de
248 726 347 793 exilio
363 726 583 810 Aegyptiace,
608 746 705 809 quam
721 727 762 793 de
777 726 1042 810 peregrinatione
1055 725 1082 791 J
1083 724 1234 792 uvenalis
1256 724 1377 809 „animi

106 842 217 927 gratia
243 845 291 907 καὶ
316 849 368 928 τῆς
389 845 512 928 ἱστορίας
539 845 622 930 χάριν
652 848 807 925 suscepta
829 841 978 924 disputat
986 836 1028 924 ²),
1061 860 1125 922 qua
1155 861 1192 908 re
1215 841 1377 924 relegatio

106 958 318 1044 Aegyptiace
346 959 455 1041 potius
484 959 688 1040 comprobari
717 976 812 1040 quam
843 956 982 1023 refutari
1010 955 1151 1025 videtur.
1198 957 1286 1024 Nam
1309 958 1379 1024 sie

106 1075 223 1158 quinta
246 1074 373 1141 decima
395 1073 516 1157 satira,
540 1081 579 1141 ut
601 1073 775 1141 Strackius
799 1073 966 1157 opinatur,
990 1093 1032 1140 ne
1056 1072 1096 1139 de
1118 1073 1378 1157 perigrinatione
1436 1145 1440 1155 ,

106 1190 236 1273 quidem
258 1189 448 1258 voluntaria
470 1189 680 1274 cogitandum
704 1196 755 1257 est
763 1189 804 1274 ³),
830 1189 998 1272 quomodo,
1023 1207 1161 1271 quaero,
1187 1188 1262 1257 inde
1287 1188 1378 1255 exilii

105 1309 195 1375 fama
218 1307 299 1374 oriri
321 1307 453 1389 potuit?

211 1425 264 1490 De
294 1424 431 1509 Aeppptc'
461 1425 524 1490 Ioco
555 1423 746 1490 testimonia
778 1420 988 1489 dissentiunt.
1045 1422 1086 1487 In
1115 1420 1187 1489 vita
1213 1422 1380 1489 Probiana

107 1546 142 1607 et
170 1539 384 1608 Henniniana
418 1539 458 1606 de
497 1544 654 1622 „ochema
672 1538 808 1623 Aepypti
830 1535 943 1621 parte¹
971 1535 1129 1619 traditur,
1165 1537 1250 1604 aliae
1275 1538 1378 1605 solum

105 1656 298 1741 Aegyptum
334 1660 526 1723 memorant.
584 1654 772 1722 Scholiasta
814 1653 1013 1720 Iuvenalem
1050 1653 1106 1738 „in
1141 1653 1274 1719 axilium
1304 1654 1379 1720 mis·

105 1792 176 1839 sum
206 1772 249 1838 ad
279 1771 448 1841 civitatem
477 1773 626 1838 ultimam
656 1770 807 1855 Aegypti
834 1765 995 1837 Hoasim“
1025 1764 1175 1856 tradit4).
1250 1769 1381 1836 Malala

107 1896 141 1956 et
169 1889 287 1957 Suidas
309 1893 441 1971 poetam
471 1891 523 1966 „es
554 1889 733 1954 Πενταπόλει
761 1889 806 1951 ἐπὶ
834 1889 884 1970 τὴν
908 1888 1041 1971 Λιβύην“
1072 1887 1254 1968 relegatum
1278 1886 1379 1953 fuisse

110 2004 314 2087 scripserunt
325 2001 360 2089 ⁵).
408 2005 518 2090 Quare
547 2004 605 2071 alii
628 2004 727 2070 aliam
751 2003 949 2070 sententiam
972 2002 1115 2084 amplexi
1138 2000 1262 2086 snnt¹).
1309 2001 1380 2070 Sal·

110 2121 231 2188 masius
253 2122 358 2187 Iocum
383 2121 475 2188 exilii
490 2120 620 2203 Syenen
643 2120 745 2186 fuisse
768 2113 949 2203 putavlt⁷);
974 2118 1176 2186 Ribbeckins
1192 2153 1234 2164 —
1258 2120 1379 2185 Penta·

107 2236 197 2320 polin
206 2235 248 2320 8);
285 2237 486 2304 Weidnerus
514 2236 712 2303 scholiastae
745 2235 941 2302 testimoniis
970 2236 1151 2303 assentitur
1163 2233 1199 2319 ¹).
1257 2233 1310 2301 Ac
1338 2236 1379 2302 de

106 2354 282 2436 Pentapoli
305 2374 359 2421 res
382 2353 479 2422 valde
503 2353 600 2420 dubia
623 2358 689 2434 est3
716 2371 791 2419 nam
815 2351 945 2419 Malaia
968 2359 1002 2418 et
1024 2351 1153 2435 suidas,
1177 2352 1232 2433 qui
1255 2352 1380 2418 dehac

105 2471 239 2555 regione
263 2471 415 2554 tradunt,
444 2488 580 2552 prorsus
603 2468 731 2552 indigni
755 2477 845 2554 sunt,
876 2470 993 2551 quibus
1016 2468 1112 2535 fidem
1135 2469 1316 2552 largiamur
1329 2464 1378 2552 ¹⁰).

105 2585 198 2651 Idem
223 2586 263 2652 de
284 2586 481 2653 scholiastae
497 2585 697 2653 testimoniis
713 2590 806 2652 recte
829 2585 895 2652 dici
918 2580 1090 2667 potest¹¹).
1138 2585 1259 2652 Restat
1276 2583 1381 2667 igitur

107 2700 215 2784 Syene
226 2697 276 2786 ¹²),
312 2721 409 2785 quam
433 2699 671 2788 Weberius¹¹),
701 2697 948 2787 Voelkerius¹⁴)
972 2709 1005 2770 et
1028 2703 1215 2785 nuperrime
1238 2701 1380 2784 Stampi-

110 2898 428 2908 -——-—--—-—-—.

224 3043 238 3107 )
257 3041 344 3093 Praei.
362 3041 452 3111 laud,
469 3059 497 3112 p.
516 3041 588 3095 XIII.
608 3072 642 3082 -
661 3043 717 3094 Der
736 3042 815 3094 echte
834 3058 860 3096 u.
881 3042 906 3094 d.
925 3040 1045 3094 unechte
1063 3039 1134 3110 Juv,
1152 3056 1179 3109 p.
1199 3038 1242 3092 69.

226 3129 300 3196 )De
320 3130 413 3201 exilio,
431 3148 457 3201 p.
477 3131 591 3184 33-35.

224 3223 238 3286 )
255 3220 334 3289 ibid,
352 3237 379 3290 p.
397 3220 432 3273 34
450 3225 478 3274 et
495 3221 538 3274 35.

224 3309 302 3376 )Ad
320 3310 376 3363 Set.
395 3311 417 3381 I,
435 3311 466 3382 13
484 3311 531 3381 IV,
550 3310 593 3363 38.

224 3403 238 3466 )

224 3492 237 3556 )

214 3039 223 3071 1

214 3129 225 3161 2

213 3217 224 3251 3

212 3308 223 3342 4

213 3399 224 3433 5

256 3399 318 3453 Vid.
338 3415 412 3470 supr.
431 3417 458 3470 p.
476 3399 510 3452 12
531 3416 594 3453 ann.
612 3399 638 3453 4.

211 3487 223 3521 ¹
258 3489 318 3542 vin.
340 3490 413 3559 apud
432 3489 615 3561 Stempinnm,
632 3507 660 3560 p.
680 3489 722 3543 63.

213 3577 236 3645 ¹)
256 3580 318 3634 hoc.
337 3579 412 3632 laud.

213 3665 237 3733 ¹³)
256 3668 344 3721 Prael.
363 3668 438 3721 laud.
456 3685 484 3738 p.
502 3667 575 3722 XIII.

212 3754 237 3824 ⁰)
255 3759 319 3811 Loc.
338 3758 413 3810 laud.

202 3845 237 3913 ¹⁰)
257 3845 297 3898 Cf.
316 3862 391 3917 supr.
410 3864 437 3917 p.
456 3846 499 3900 12.

204 3935 238 4002 ¹¹)
256 3936 339 4005 Ibid,
356 3953 384 4006 p.
401 3935 445 3989 10.

203 4025 238 4092 ¹²)
258 4025 397 4095 Oppidum
416 4027 452 4078 ad
469 4026 637 4096 Aethiopiae
657 4029 774 4080 confinia
792 4030 821 4080 in
839 4028 896 4081 Nili
914 4028 1085 4098 paeninsula,
1113 4042 1251 4080 marmore
1274 4027 1379 4079 clarum

106 4118 194 4182 (nunc
206 4116 342 4185 Aesuan),
360 4133 386 4166 v.
399 4115 469 4168 Plin.
482 4116 514 4169 ll.
527 4117 560 4168 II.
570 4115 640 4185 4111,
660 4116 702 4173 73.
721 4117 754 4188 V,
772 4116 797 4170 9.
816 4118 896 4187 Mela,
914 4119 936 4188 I,
955 4117 980 4170 9.
1007 4117 1069 4170 Juv.
1082 4117 1129 4187 XI,
1155 4116 1216 4169 124.
1234 4117 1312 4170 Mart.
1331 4116 1379 4186 lX,

106 4204 141 4257 36
161 4206 256 4271 „fusca
275 4206 389 4272 Spene“.
409 4204 587 4276 Oudendorp,
605 4206 640 4258 ad
658 4207 760 4260 anan.
772 4208 868 4260 Phara.
887 4225 914 4278 p.
934 4207 987 4260 158
1005 4207 1062 4278 (ed.
1075 4207 1163 4278 lugd.
1175 4207 1271 4266 Batai·
1286 4206 1380 4281 1728),

105 4294 272 4365 Nipperdey,
291 4296 326 4348 ed
344 4295 409 4349 Tac.
428 4295 500 4348 Anu.
519 4295 541 4366 I,
559 4313 585 4366 p.
605 4295 665 4356 14³,
680 4297 738 4367 (ed.
757 4297 796 4364 5).

203 4381 237 4451 ¹³)
255 4385 319 4438 Lon.
337 4385 411 4439 laud.

203 4471 238 4542 ¹⁴)
255 4474 329 4528 Libr.
347 4474 423 4528 laud.
440 4491 468 4547 p.
487 4473 550 4529 107.
