2992 4808
730 258 771 320 49

648 343 859 352 ι--ῲ--ι-

112 466 273 534 Dacicum
296 467 388 536 edita
410 471 471 552 est,
495 467 553 535 illo
576 486 655 552 ergo
678 473 834 553 tempore,
859 487 920 550 qno
945 467 1117 553 Traianus,
1151 475 1190 537 ut
1211 467 1385 537 Strackins

112 591 205 652 recte
237 587 402 670 observat,
434 585 649 668 pantomimos
679 585 784 668 magis
812 585 928 670 odisse,
957 604 1054 667 quarn
1082 585 1196 654 favere
1226 585 1274 653 eis
1298 586 1387 655 vide-

112 704 213 769 batur
225 697 258 784 ¹).
319 703 491 769 Postremo
529 703 600 769 iure
637 701 679 769 iis
717 702 1002 770 contradicendum
1041 707 1107 786 est,
1147 701 1203 784 qni
1242 703 1386 771 Traiano

113 818 330 900 suspicionem
354 818 389 884 id
404 818 547 886 movisse
571 817 745 902 affirmant,
763 819 855 901 quod
877 839 993 888 versus
1016 817 1066 885 illi
1088 819 1265 901 separatim
1288 825 1388 887 antea

114 934 197 1002 editi
228 940 345 1016 postea
376 934 505 1001 demum
536 935 651 1002 maiori
684 934 809 1002 satirae
841 935 959 1002 inserti
993 935 1068 1003 sint.
1123 935 1212 1002 Nam
1247 936 1385 1017 primum

114 1051 301 1134 ambigitur,
326 1050 411 1116 unde
424 1050 588 1118 Traianus
604 1051 784 1132 comperire
806 1051 960 1135 potnerit,
984 1051 1043 1117 hos
1065 1069 1181 1150 versus
1204 1053 1264 1117 sub
1277 1051 1388 1117 Domi·

113 1167 206 1235 tiano
238 1166 379 1249 scriptos
411 1186 516 1236 novae
549 1167 673 1234 satirae
704 1169 846 1235 insertos
875 1187 963 1252 esse,
997 1167 1114 1234 deinde
1138 1167 1255 1251 quibus
1279 1169 1387 1236 causis

115 1289 295 1350 commotus
312 1282 359 1350 sit
370 1283 556 1368 iuvenalia,
573 1289 610 1350 ut
626 1283 815 1369 Traianum,
837 1285 1017 1367 principem
1033 1283 1202 1367 optimum,
1225 1284 1387 1351 immerito

112 1399 264 1467 laederet
274 1395 314 1483 2);
348 1398 486 1482 deniqne
518 1401 757 1468 observandum
790 1406 856 1484 est,
892 1407 961 1468 tum
997 1419 1098 1482 prope
1138 1400 1386 1486 sexagenarium

113 1515 314 1584 Juvenalem
348 1534 413 1581 non
447 1515 529 1582 adeo
561 1536 669 1583 rerum
704 1521 950 1599 temporumque
979 1516 1165 1599 imperitum
1195 1516 1309 1599 fuisse,
1338 1516 1387 1584 uti

114 1632 223 1699 sciens
246 1652 285 1698 ac
308 1631 454 1714 prudens
477 1632 511 1699 id
532 1632 667 1717 faceret,
692 1633 777 1715 quod
800 1639 915 1700 contra
938 1633 1115 1700 veritatem
1140 1631 1388 1715 opinionemque

114 1750 271 1814 bonorum
296 1748 437 1814 omnium
461 1756 679 1835 repugnarem
702 1769 778 1817 nam
802 1748 951 1818 civitatis
975 1755 1010 1815 et
1031 1750 1218 1817 litterarum
1242 1748 1388 1816 condicio

116 1863 259 1930 Traiano
295 1862 480 1946 imperante
513 1865 580 1933 alia
614 1865 686 1950 fuit,
723 1871 821 1946 atque
857 1867 916 1931 sub
951 1866 1158 1949 Domitiano,
1192 1884 1292 1946 quare
1328 1884 1389 1931 nec

118 1978 293 2048 Juvenalis
310 1979 344 2045 in
356 1981 417 2047 hnc
433 1981 539 2048 satira
555 1988 724 2065 „tempora
737 1982 926 2064 praesentia
937 1981 1078 2063 figurate
1094 1986 1211 2048 notare
1224 1978 1388 2065 potuit“³)

115 2113 176 2162 nec
200 2096 328 2162 omnino
354 2097 516 2164 Traianus
539 2117 579 2164 ea
601 2098 644 2165 ad
667 2117 702 2164 se
718 2097 843 2164 referre
853 2091 891 2182 ⁴),
917 2117 1000 2178 quae
1024 2098 1224 2164 demortuis
1248 2119 1269 2165 a
1291 2103 1390 2180 poeta

115 2211 205 2278 dicta
228 2218 325 2280 erant
335 2208 371 2296 ⁵).
424 2211 517 2299 Quae
547 2233 617 2280 cum
645 2214 694 2280 ita
724 2213 801 2297 sint,
831 2214 948 2296 omnia,
979 2217 1017 2280 nt
1047 2213 1171 2295 opinor,
1206 2213 1388 2296 concident,

115 2346 199 2409 quae
223 2329 263 2396 de
276 2329 430 2413 Traiano,
455 2329 547 2396 exilii
559 2330 585 2395 J
586 2331 775 2398 uvenalicni
791 2336 934 2414 auctore,
958 2349 979 2398 a
1001 2329 1165 2397 nonnullis
1188 2330 1278 2397 dicta
1301 2335 1387 2397 snrnt.

225 2443 414 2528 Antequam
445 2446 485 2512 de
519 2445 545 2510 J
546 2446 695 2513 uvenalis
730 2446 829 2513 exilio
864 2449 923 2513 sub
951 2446 1126 2513 Hadriano
1162 2447 1249 2526 dico,
1285 2465 1390 2528 pauca

115 2559 156 2627 ad
181 2579 291 2627 eorum
320 2561 519 2628 sententiam
547 2561 755 2631 refutandam
779 2563 910 2647 addam,
942 2563 998 2644 qui
1013 2564 1198 2631 Probianae
1213 2564 1388 2646 praecipue

114 2678 205 2744 vitae
229 2677 449 2746 assentientes
473 2679 662 2746 Jnoenolem
685 2680 919 2765 octopennricm
935 2681 994 2746 sub
1017 2680 1126 2762 specie
1150 2679 1290 2746 militiae
1306 2680 1389 2746 rele-

114 2799 227 2878 gatum
256 2813 328 2860 esse
356 2813 460 2877 neque
490 2797 627 2862 Romam
657 2796 823 2879 reducem,
855 2794 913 2861 sed
943 2796 1070 2861 exulem
1099 2815 1173 2862 mox
1204 2813 1325 2878 angore
1354 2801 1389 2862 et

116 2909 226 2975 taedio
250 2915 412 2976 mortuum
437 2909 611 2977 affirmant.
658 2909 751 2994 Quae
775 2911 805 2977 si
828 2930 908 2979 vera
935 2917 1055 2994 essent,
1087 2910 1285 2979 Juvenalem
1311 2931 1385 2978 ann.

114 3029 157 3090 47
182 3030 294 3092 natum
324 3044 389 3092 non
419 3029 496 3092 ante
526 3031 588 3092 127
618 3045 692 3092 ann.
722 3046 753 3108 p.
779 3025 855 3092 Ohr.
886 3026 919 3092 in
948 3026 1081 3093 exilium
1110 3026 1244 3093 missum
1276 3047 1388 3094 conce·

115 3140 273 3209 deremus.
319 3140 371 3206 At
391 3140 456 3206 iam
482 3159 581 3223 supra
597 3140 765 3208 docuimus
789 3143 926 3208 satiram
942 3143 1114 3224 septimam
1136 3143 1232 3209 initio
1249 3144 1387 3211 Traiani

113 3256 317 3340 principatus
338 3255 460 3323 editam
485 3275 664 3338 versusque
680 3261 811 3323 90-92
834 3256 910 3324 huic
934 3257 1058 3323 satirae
1074 3257 1226 3342 insertos,
1251 3264 1386 3340 propter

117 3391 199 3455 quos
214 3376 404 3456 poetaurbe
416 3377 596 3440 summotus
608 3377 675 3458 est,
695 3379 772 3441 ante
792 3374 854 3440 hoc
866 3381 994 3457 tempus
1006 3372 1147 3455 scriptos
1160 3392 1242 3442 esse.
1281 3373 1386 3461 Quam

115 3491 155 3555 ob
178 3509 247 3555 rem
265 3488 294 3556 si
310 3490 336 3555 J
339 3490 509 3558 uvenalem
528 3489 773 3574 octogenarium
786 3490 819 3556 in
832 3489 966 3557 exilium
979 3491 1112 3557 missum
1124 3491 1385 3578 concederemus,

115 3609 174 3671 aut
203 3605 374 3688 septimam
404 3607 541 3674 satiram
572 3605 660 3674 circa
688 3626 761 3674 ann.
795 3613 857 3674 127
888 3605 1046 3689 scriptam
1075 3613 1135 3674 aut
1163 3607 1384 3675 testimonium

117 3747 434 3757 -—-—-—---——-.-

221 3817 244 3884 ¹)
264 3816 371 3888 Straelr,
388 3834 415 3887 p.
433 3816 476 3871 29.
514 3816 553 3873 01.
573 3833 647 3888 supr.
665 3835 692 3888 p.
710 3817 745 3871 45
764 3834 828 3872 ann.
847 3817 890 3871 11.

143 3912 146 3917 '
219 3906 243 3975 ²)
262 3907 330 3960 ibid.

219 3994 243 4064 ³)
263 3997 327 4050 Vite
344 3997 482 4050 Probiana
501 4001 529 4050 et
546 3998 727 4051 Henniniana.

218 4083 243 4153 ⁴)
264 4085 303 4142 cf.
322 4088 369 4139 vit.
385 4085 508 4141 Omnib.:
529 4087 646 4155 „quibus
658 4087 795 4141 Traianus
807 4087 973 4156 intellegens
986 4088 1055 4140 vitia
1074 4088 1149 4156 carpi
1168 4088 1211 4138 sui
1224 4086 1385 4156 temporis.“

220 4174 244 4241 ⁵)
263 4174 303 4232 cf.
316 4177 430 4245 interpr.
444 4175 479 4228 ed
492 4175 547 4229 Sat.
561 4176 582 4246 l,
600 4175 661 4229 170.
676 4207 710 4217 -
720 4176 846 4248 Stranch,
859 4177 901 4229 De
914 4178 1041 4246 personnis
1055 4176 1182 4228 Juvenal.
1194 4192 1221 4245 p.
1232 4177 1248 4226 5
1260 4179 1288 4228 et
1300 4174 1384 4229 62.-

112 4263 239 4316 Everbis
252 4267 326 4318 vitae
346 4265 564 4318 Omnibonianae
585 4267 630 4332 „in
647 4266 774 4319 Paridem
787 4296 820 4306 -
835 4268 982 4335 temporis“
1000 4266 1125 4317 conicere
1142 4264 1215 4332 licet,
1234 4264 1384 4317 Traianum

112 4369 169 4406 non
188 4358 245 4406 tarn
262 4355 389 4408 versibus
411 4357 439 4407 in
458 4354 586 4407 Paridem
606 4358 767 4426 compositis
792 4372 874 4424 quam
893 4360 954 4408 tota
972 4357 1059 4408 satira
1083 4356 1218 4408 offensum
1242 4369 1303 4407 asse
1329 4353 1383 4421 (Gi.

112 4442 261 4512 Hermann,
279 4443 321 4496 Dc
340 4448 390 4497 sat.
411 4449 481 4514 sept.
500 4448 582 4514 temp.
602 4461 628 4514 p.
646 4444 704 4512 14).

217 4566 385 4623 Nagulewslut
399 4569 435 4612 De
449 4568 504 4611 Juv.
519 4568 578 4614 vna
1171 4550 1195 4600 4
