2992 4808
707 223 917 312 Aa--.

180 428 352 494 exhaurire
383 427 584 493 decrevisset
596 423 633 510 ¹),
668 428 734 494 illis
767 430 924 510 septimae
954 429 1076 495 satirae
1105 431 1258 497 versibus
1293 438 1450 515 tyrannus

178 543 296 609 lacessi
324 544 445 627 potuit,
477 544 531 625 qui
559 552 704 611 veterem
734 545 901 627 ignaviam
929 548 1173 627 exprobrarent.
1221 548 1315 614 Erat
1345 554 1450 615 autem
1486 572 1488 579 ’

180 664 249 723 tum
262 659 471 726 Domitianus
497 679 580 742 „non
605 660 707 727 solum
732 681 878 744 maguae,
904 663 960 727 sed
980 668 1014 728 et
1031 663 1169 728 callidae
1192 663 1451 745 inopinataeque

180 772 360 842 saevitiae“
373 771 399 856 ²)
427 796 466 843 ac
489 783 623 858 propter
646 776 797 842 minimas
820 796 936 844 causas
960 797 1023 843 non
1048 778 1150 844 solum
1174 778 1370 864 relegabat,
1400 781 1452 846 sed

179 893 266 959 haud
292 912 366 958 raro
392 893 509 974 capitis
531 893 678 958 insontes
702 893 801 958 sicuti
824 898 936 959 sontes
960 893 1196 961 condemnabat
1208 892 1245 976 ³).
1295 895 1451 962 Necnon

178 1008 356 1074 verisimile
373 1015 433 1090 est,
458 1008 559 1073 alium
575 1015 654 1074 tuuuc
671 1009 828 1090 temporis
849 1009 1110 1091 potentissimum
1127 1011 1323 1076 histrionem
1340 1012 1451 1094 fuisse,

179 1125 233 1205 qui
255 1125 403 1191 versibus
427 1125 494 1190 illis
510 1125 741 1191 Juvenaliauis
765 1124 859 1206 tangi
882 1120 1072 1209 potuerit⁴).
1120 1125 1226 1209 Adde,
1251 1129 1340 1207 quod
1365 1129 1452 1210 apud

181 1241 348 1322 aequalem
373 1246 500 1322 poetae,
525 1239 774 1323 Quintilianum,
800 1242 882 1306 satis
906 1241 1122 1324 manifestum,
1147 1248 1185 1308 ut
1207 1244 1334 1327 opinor,
1360 1245 1453 1310 testi·

178 1356 319 1422 monium
335 1355 565 1438 imperatoriae
582 1357 740 1422 adversus
756 1358 780 1422 J
782 1357 952 1423 uvenalem
970 1357 1040 1423 irae
1061 1363 1182 1423 exstat.
1221 1355 1450 1441 Quintilianus

179 1472 274 1555 enim,
298 1478 472 1553 postquam
495 1472 534 1536 de
559 1472 703 1537 satiricis
727 1474 945 1538 Romanorum
969 1473 1076 1553 poetis
1100 1474 1191 1555 dixit,
1222 1475 1304 1538 haec
1329 1475 1362 1540 in
1388 1475 1450 1542 fine

180 1587 308 1653 scribit:
344 1588 449 1670 „Sunt
471 1587 553 1652 clari
577 1588 735 1668 hodieque
759 1588 870 1668 etqui
894 1587 968 1653 olim
993 1585 1315 1670 nominabuntur“⁵).
1357 1589 1450 1674 Quae

179 1704 305 1783 quidem
329 1705 440 1785 verbu,
465 1703 590 1768 utiam
615 1702 986 1786 1·ccteHeinrichius⁶),
1012 1699 1234 1786 Voelkerus⁷J
1259 1706 1318 1770 alii
1341 1709 1450 1774 ohser-

177 1825 310 1902 varunt,
345 1819 386 1883 ad
409 1820 622 1901 ,quenalem
657 1825 694 1883 nt
717 1817 913 1902 Quintiliani
947 1821 1129 1902 aequalem,
1159 1821 1336 1888 referenda
1359 1831 1447 1889 sunt.

176 1935 228 2000 De
252 1935 397 2002 Strackii
421 1934 600 2016 sententia,
625 1932 862 2017 Quintilianum
891 1942 1066 2016 propterea
1094 1937 1134 2001 de
1157 1937 1326 2001 Juvenule
1358 1938 1448 2019 loqui

176 2068 238 2114 non
263 2050 417 2133 potuisse,
443 2050 526 2130 quod
550 2050 606 2114 illo
630 2050 889 2132 tempore·(circ.
914 2058 955 2115 95
980 2070 1053 2116 ann.
1079 2072 1110 2132 p.
1129 2049 1231 2135 Chr),
1256 2071 1318 2132 quo
1344 2052 1448 2136 Quin-

175 2166 284 2232 tiliani
315 2167 399 2232 liber
431 2167 597 2247 ederetur,
632 2165 830 2247 „Juvenalis
863 2168 994 2233 minime
1027 2187 1093 2233 non
1122 2169 1214 2232 modo
1245 2168 1285 2233 de
1309 2169 1449 2237 edendis

175 2281 302 2364 satiris,
331 2282 389 2346 sed
417 2300 457 2346 ne
487 2280 527 2347 de
555 2281 735 2346 scribendis
764 2283 891 2363 quidem
920 2280 1156 2366 cogitaret“⁸),
1185 2303 1249 2350 non
1281 2288 1450 2366 estquod

175 2398 271 2479 plura
286 2417 442 2463 moneam.
489 2397 579 2461 Nam
599 2396 737 2476 primum
763 2417 861 2478 supra
885 2397 1177 2482 observevinuusb,
1202 2400 1347 2480 priorum
1367 2402 1450 2467 sati·

174 2532 285 2578 rarum
308 2513 407 2577 initia
430 2513 494 2576 iam
518 2512 707 2576 Domitiano
731 2512 913 2593 imperante
938 2514 1027 2578 tacta
1050 2535 1131 2580 esse.
1179 2515 1260 2579 Tum
1284 2515 1449 2595 perfacile

174 2629 245 2696 fieri
268 2629 390 2710 potuit,
414 2628 464 2693 uti
488 2628 677 2710 Juuvenahs,
708 2633 880 2707 antequam
914 2630 1036 2695 satiras
1060 2630 1185 2711 ederet,
1219 2649 1275 2694 eas
1305 2632 1448 2712 „paucis

175 2745 380 2810 scholasticis
403 2743 586 2809 hominibus
610 2749 643 2808 et
657 2741 783 2808 ‹loctis“
799 2740 835 2824 ¹⁰)
867 2744 1023 2810 recitaret
1037 2740 1084 2827 ¹¹).
1132 2744 1235 2829 Quam
1253 2745 1292 2809 ob
1309 2765 1447 2813 causam

176 2859 492 2868 -——--------—-—-

281 2912 304 2976 ¹)
331 2909 407 2977 Ibid,
426 2925 446 2960 c.
465 2908 508 2965 44.
522 2938 556 2946 —
575 2908 646 2959 Haec
665 2910 757 2960 omnia
775 2908 809 2959 ad
827 2924 890 2960 ann.
910 2909 943 2960 93
962 2909 1103 2961 reserenda
1121 2925 1177 2962 esse
1196 2909 1271 2961 docet
1288 2910 1377 2980 Peter,
1397 2912 1447 2981 III,

173 3001 188 3052 2
208 3017 231 3068 p.
254 2999 313 3067 128,
333 2998 392 3049 132.
429 2996 526 3066 Imhof,
544 3013 570 3065 p.
590 2997 632 3049 64.

279 3089 303 3155 ²)
329 3088 410 3156 Suet,
428 3087 507 3138 Dom.
526 3102 547 3137 o.
567 3086 609 3138 11.

278 3176 302 3244 ²¹)
329 3177 405 3245 Ibid,
430 3193 451 3228 c.
476 3178 524 3233 10:
566 3175 683 3242 ,Occidit
712 3176 911 3247 Hermogenem
934 3178 1093 3228 Tarsensem
1122 3181 1231 3247 propter
1255 3177 1389 3245 quasdam
1413 3180 1445 3230 in

172 3269 284 3321 historia
302 3268 411 3336 figuras,
430 3266 549 3317 librariis
563 3267 653 3335 etiam,
669 3268 716 3333 qui
736 3282 795 3318 cam
809 3266 1012 3335 descripserant,
1025 3268 1097 3317 cruci
1110 3268 1185 3335 suxis,
1197 3306 1220 3318 ..
1240 3268 1380 3318 interemit
1400 3307 1443 3319 ...

172 3361 294 3412 Mettium
308 3357 531 3425 Pompusianum,
545 3355 630 3423 quod.
642 3395 647 3406 .
661 3395 666 3406 .
681 3355 816 3424 depictum
830 3356 921 3408 orbem
935 3359 1023 3406 terrae
1035 3357 1064 3406 in
1078 3355 1237 3407 membrana
1248 3357 1444 3426 contionesque

172 3465 268 3519 regum
291 3463 322 3499 ac
340 3447 438 3497 ducum
462 3461 496 3496 ex
519 3445 549 3496 Τ.
568 3446 643 3496 Livio
662 3447 860 3513 circumferret,
962 3445 1076 3496 Jnuium
1096 3445 1245 3515 Rusticum,
1269 3445 1341 3512 quod
1360 3446 1440 3498 Paeti

172 3538 306 3590 Thraseae
325 3540 350 3587 et
368 3534 487 3586 Helvidii
505 3535 589 3586 Prisci
608 3533 701 3584 laudes
720 3534 845 3585 edidisset
863 3534 1075 3603 appellassetque
1093 3548 1138 3586 eos
1156 3536 1338 3585 sanctissimos
1358 3537 1443 3605 viros,

171 3629 248 3679 cuius
266 3626 388 3678 oriminis
406 3624 543 3675 occasione
560 3622 733 3692 philosophos
751 3639 844 3675 omues
862 3623 930 3675 urbe
947 3623 1079 3691 Italiaque
1097 3625 1269 3675 summovit.“

276 3713 301 3784 ⁴)
329 3713 368 3766 Cf.
380 3715 427 3764 vit.
440 3713 637 3781 Kulenluamp.:
663 3716 805 3780 „expertus
815 3716 855 3764 est
864 3717 996 3780 quantuni
1009 3715 1092 3764 unius
1105 3712 1246 3764 histrionis
1258 3715 1299 3763 ira
1309 3712 1441 3766 valeret.“

278 3800 611 3870 qffimmmm
689 3790 692 3798 '

276 3890 299 3961 ⁶)
327 3891 358 3942 Iu
378 3891 439 3942 edit.
458 3890 555 3943 Juven.
574 3892 648 3942 satir.
667 3890 785 3960 Bonnae,
805 3891 882 3960 1839,
901 3891 926 3942 11
944 3908 970 3958 p.
990 3891 1032 3942 18.

277 3977 309 4052 1)“
327 3980 453 4048 duvenal,
470 3996 496 4048 p.
514 3978 557 4031 17.

275 4066 310 4136 8),
328 4069 368 4121 De
387 4069 479 4138 exilio,
498 4084 524 4136 p.
542 4069 558 4119 5
578 4071 603 4119 et
621 4067 646 4120 6.

275 4156 300 4225 ⁰)
320 4158 381 4211 Vid.
400 4175 426 4227 p.
444 4158 488 4210 18.

266 4245 302 4320 ¹⁰]
327 4247 484 4317 Salmasius,
502 4247 618 4300 Exercit.
637 4248 706 4300 Plin.
725 4264 751 4316 p.
770 4247 831 4298 452.

266 4337 300 4403 ¹¹)
328 4336 404 4388 Hane
436 4338 606 4404 sententiam,
632 4341 739 4406 praeter
766 4336 928 4388 Salmasium
956 4336 987 4402 (l.
1000 4361 1002 4364 ·
1015 4338 1066 4405 o),
1093 4334 1235 4387 Weberius
1261 4338 1291 4387 in
1318 4336 1439 4391 editione

169 4426 309 4479 luvenalis
327 4427 482 4496 germanica
501 4425 601 4495 (Helle,
614 4426 699 4496 1838,
717 4443 743 4495 p.
759 4424 810 4478 226
829 4429 855 4476 et
873 4426 938 4495 227)
957 4425 1099 4493 amplexus
1118 4429 1165 4477 est.
