2992 4808
109 462 150 510 ne
174 444 280 510 dicam
305 442 454 526 ridicula,
484 461 523 507 ea
546 441 734 509 coniectura
763 446 823 520 est,
848 445 1007 522 qnamt
968 437 1141 505 Straokius
1176 457 1218 507 ex
1252 437 1383 518 antiqui

109 559 307 626 scholiastae
333 559 444 625 verbis
481 559 661 640 proposuit.
637 555 773 623 tAd
806 556 907 623 schol.
932 554 1018 621 onim
1047 553 1073 619 J
1075 552 1226 620 uvenahs
1254 552 1382 619 satirae

109 675 242 758 qmntae
254 674 399 740 decrmae
411 693 497 740 vers
511 680 568 740 27:
585 673 670 755 „Nos
682 673 841 738 mirando.
856 672 909 737 De
921 690 957 737 se
969 669 1051 737 drert
1059 672 1084 737 J
1086 668 1236 736 uvenalrs
1238 687 1339 752 qu1a
1347 686 1382 733 ru

109 790 266 875 Aegypto
281 790 417 857 militem
430 789 539 856 tenuit
551 794 585 855 et
597 809 637 856 ea
648 787 814 871 promittit
827 808 863 854 se
875 787 1067 871 relaturum,
1081 805 1163 867 quae
1177 785 1249 867 ipse
1261 781 1382 868 vidit“,

111 943 151 952 -
173 908 253 974 hace
275 906 460 973 annotavit:
497 905 592 991 „Qua
624 904 710 970 enim
736 908 788 970 est
816 898 983 971 brevitate
1006 901 1293 984 simplicitateque,
1320 901 1383 966 hoc

110 1023 256 1090 scholion
267 1022 435 1104 antiquum
446 1021 552 1105 magis
562 1040 657 1103 quam
667 1019 834 1087 recentius
843 1020 1046 1086 essentiatur.
1066 1017 1179 1099 Atque
1189 1017 1384 1102 estfortosso

110 1146 144 1207 et
167 1139 216 1206 eis
239 1139 381 1223 scholiis,
407 1157 489 1221 quae
513 1137 773 1220 commemoravi,
799 1141 835 1202 et
856 1136 938 1218 ipsis
960 1135 1041 1203 vitis
1064 1133 1242 1216 antiquius.
1285 1131 1384 1218 Quod

110 1256 139 1322 si
161 1255 268 1322 ita-se
284 1257 414 1338 habeat,
438 1256 520 1322 haec
535 1253 648 1335 utique
664 1252 891 1320 vetustissima
914 1250 955 1317 de
977 1256 1076 1332 poeta
1099 1255 1178 1316 nota
1200 1250 1272 1331 ipso
1290 1248 1383 1315 illius

110 1370 151 1437 de
174 1371 272 1437 exilio
295 1370 426 1437 fabulae
450 1370 523 1436 fons
550 1391 613 1435 esso
641 1368 762 1452 ιιιιιιί
781 1364 814 1452 ¹).
860 1367 908 1434 At
944 1367 1000 1434 uhi
1034 1365 1296 1450 argumentanti
1320 1365 1383 1432 has

112 1487 318 1554 coniecturas
342 1485 621 1568 comprobandas?
666 1485 791 1555 Videat
815 1484 900 1550 enim
923 1485 1017 1550 homo
1042 1483 1167 1566 doctus,
1192 1501 1275 1564 quae
1299 1481 1382 1566 ipse,

111 1603 258 1670 Matthia
280 1607 460 1685 praeeunte
473 1597 501 1686 ²)
539 1601 579 1668 de
603 1600 736 1668 scholiis
766 1601 859 1667 nohis
887 1599 1073 1683 tradiderit,
1109 1617 1245 1664 cumea
1280 1598 1384 1682 „vitis

109 1718 237 1784 iuniora
261 1714 353 1783 esse“
388 1722 478 1783 recte
513 1717 656 1783 affirmet
665 1714 703 1800 ³).
754 1715 805 1782 At
837 1735 897 1799 ego
926 1716 1007 1782 haec
1041 1715 1167 1781 omitto.
1223 1714 1302 1782 Non
1330 1718 1384 1781 est

110 1833 195 1900 enim
220 1833 305 1915 quod
329 1832 369 1899 de
385 1834 581 1899 coniecturis
604 1839 727 1899 temere
749 1832 891 1914 arreptis
913 1832 1018 1898 fusius
1034 1831 1263 1912 disceptemus
1287 1849 1385 1910 prae·

111 1948 225 2016 sertim
250 1968 321 2014 eum
345 1946 518 2015 Strackins
541 1946 655 2015 mirum
679 1947 713 2014 in
737 1948 864 2014 modum
889 1965 924 2014 se
958 1952 1114 2027 torquens
1137 1966 1177 2012 nc
1210 1963 1385 2012 macerans

109 2065 144 2131 in
160 2064 252 2130 exilii
267 2063 396 2131 ratione
412 2064 609 2131 illustranda
630 2063 701 2147 ipse
724 2065 793 2130 suis
814 2061 1010 2130 coniecturis
1027 2068 1061 2128 et
1075 2059 1385 2129 ratiocinationibus

110 2180 203 2246 modo
227 2179 357 2246 diffidat
378 2179 472 2245 modo
497 2179 715 2246 contradicat.
751 2180 805 2244 Ita
828 2179 966 2260 primum
990 2177 1123 2244 difficile
1140 2197 1212 2245 esse
1235 2176 1384 2243 iudicare

110 2295 246 2378 fatetur,
265 2295 371 2378 „unde
385 2296 515 2361 exilium
529 2296 663 2377 eiusque
676 2315 807 2362 causam
819 2295 1052 2378 grammaticus
1068 2288 1343 2378 excogitaverit.“
1354 2286 1384 2377 ⁴)

112 2412 205 2494 Tum,
235 2410 347 2476 fabula
370 2411 410 2477 de
443 2409 534 2477 exilii
557 2411 649 2477 fonte
615 2405 855 2493 tnarrata⁵)‚
887 2410 968 2476 haee
996 2409 1172 2477 adduntur:
1198 2406 1386 2493 „Quocirca

111 2526 202 2594 vitae
225 2507 340 2593 auctor
363 2527 410 2593 sio
439 2527 576 2612 torenton
610 2525 827 2592 ratiocinatus
850 2522 915 2592 sit“
931 2523 968 2609 ⁶)
1025 2526 1073 2591 Et
1109 2525 1205 2606 paulo
1229 2523 1316 2590 inira
1341 2525 1383 2592 de

112 2644 226 2711 eadem
250 2662 349 2725 quaes
351 2642 440 2708 tione
492 2643 565 2727 „Ea
598 2643 664 2728 fere
696 2641 902 2725 grammatici
933 2641 997 2707 ιἰιι
1027 2642 1169 2726 cupitotio
1138 2638 1188 2706 ao“
1200 2639 1232 2706 l?
1276 2640 1318 2705 In
1343 2660 1385 2708 ea

112 2764 221 2826 autem
247 2756 481 2839 disputationis
504 2763 610 2841 parte,
645 2757 701 2824 uhi
724 2756 763 2824 de
787 2756 909 2824 Suidae
931 2763 967 2823 et
999 2756 1148 2823 Malalae
1182 2756 1383 2822 testimoniis

113 2893 218 2941 sermo
242 2879 304 2958 est,
328 2874 410 2940 haee
433 2875 547 2940 habet:
595 2872 781 2957 „Perfacile
817 2872 902 2939 enim
936 2873 1058 2940 iactum
1094 2891 1165 2939 esse
1200 2878 1319 2955 potest,
1345 2876 1384 2938 ut

112 2989 204 3058 uitae
228 3009 248 3056 a
271 2995 321 3055 ιιι
343 2989 487 3055 librariis
510 2994 692 3070 temptatae
715 2988 905 3055 innumerae
931 2989 1073 3071 antiquis
1096 2987 1282 3071 temporibus
1304 3007 1383 3053 nur·

112 3106 253 3172 rationes
274 3111 455 3189 exstarent,
491 3124 626 3186 quarum
650 3105 846 3188 paucissima
868 3124 946 3187 pars
969 3105 1011 3170 ad
1034 3124 1092 3171 ιιι
1115 3100 1338 3187 perveniret.“
1354 3097 1381 3188 ⁷)

115 3219 207 3305 Quae
231 3220 424 3302 omniaque
448 3221 542 3287 modo
566 3241 637 3287 cum
661 3221 809 3288 Strackii
832 3220 1006 3303 sententia,
1031 3224 1119 3287 vitas
1134 3220 1311 3288 Juvenalis
1333 3221 1383 3287 nil

33 3333 36 3338 ’
111 3336 177 3403 nisi
191 3336 306 3403 futiles
320 3336 585 3404 narratiunculas
601 3357 682 3421 esse,
706 3336 948 3404 reconcilianda
963 3337 1039 3420 siut,
1053 3357 1105 3403 me
1119 3338 1247 3403 nescire
1261 3336 1382 3406 fateor.

112 3453 199 3521 Nam
223 3453 251 3520 si
275 3451 473 3538 „antiquitt
458 3438 684 3535 temporibus
674 3472 864 3521 mnumerae
879 3454 970 3520 vitae
982 3452 1008 3518 J
1009 3452 1159 3520 uvenalrs
1172 3471 1273 3520 narra
1273 3453 1383 3519 tiones

113 3565 334 3637 exstiterunt“
337 3588 432 3654 ,quo
455 3571 558 3654 modo,
584 3589 714 3655 quaeso,
738 3568 882 3636 fierit
824 3589 865 3653 po
867 3571 942 3654 tuit,
967 3575 1005 3638 ut
1027 3590 1068 3637 ex
1090 3567 1130 3636 iis
1149 3570 1231 3637 nihil
1254 3569 1295 3636 ad
1320 3587 1382 3636 nos

218 3874 241 3940 ¹)
268 3873 311 3925 De
330 3873 423 3943 exilio,
440 3889 467 3943 p.
487 3872 529 3925 19.

218 3963 243 4029 ²)
270 3962 312 4015 De
332 3962 445 4015 scholiis
463 3961 662 4032 Juvenulianie,
680 3979 707 4033 p.
727 3961 743 4014 6
763 3978 803 4032 sq.

217 4050 241 4118 ³)
269 4052 311 4104 De
330 4052 423 4122 exilio,
442 4068 470 4122 p.
489 4050 506 4103 6
525 4067 565 4120 sq.
586 4056 613 4105 et
631 4052 675 4105 17.

216 4139 422 4210 Ἲιιμι

218 4229 241 4296 ⁵)
268 4229 347 4299 lond,
364 4245 391 4298 p.
409 4229 453 4283 1o.

217 4317 241 4386 ⁶)
268 4319 347 4388 Ihid,
365 4336 392 4389 p.
410 4321 453 4371 11.

218 4405 242 4475 7)
268 4407 347 4478 Ibid,
364 4424 391 4479 p.
410 4407 453 4461 21.
