2992 4808
694 308 732 367 19

81 515 215 597 poribus
240 514 316 595 quid
340 513 533 580 censendum
557 513 613 597 sit,
641 513 728 579 infra
755 511 937 580 videbimus
948 507 981 595 ¹).
1034 510 1084 577 At
1112 511 1280 592 quominus
1309 509 1343 575 in

79 631 222 712 septima
250 629 357 696 satira
378 628 554 695 Iuvenalis
577 628 785 695 Hadrianum
813 627 974 711 attigerit,
1006 632 1044 693 ut
1066 625 1342 693 Friedlaenderus

79 747 232 828 opinatus
255 751 307 812 est
317 741 354 829 2),
375 747 456 811 haec
478 745 564 811 haud
585 744 681 827 parvi
701 745 855 811 momenti
875 748 1068 826 argumenta
1085 744 1215 809 obstare
1230 742 1342 810 viden-

82 868 148 928 tur.
184 861 271 927 Nam
285 860 422 943 primum
437 865 511 927 tota
526 860 648 927 satirae
663 866 795 926 nostrae
810 859 936 926 indoles
952 861 993 926 ab
1006 878 1116 926 earum
1128 859 1246 943 colore,
1263 877 1343 939 quas

80 977 316 1044 subHadriano
327 976 468 1058 scriptas
478 995 550 1042 esse
563 976 663 1042 certis
673 976 823 1060 vestigiis
833 975 1064 1059 intellegimus
1075 975 1155 1042 adeo
1168 976 1343 1058 discrepat,

82 1098 120 1159 ut
142 1094 196 1159 vel
223 1093 308 1157 hauc
339 1093 442 1158 solam
473 1093 513 1157 ob
543 1111 675 1158 oausam
707 1092 819 1158 multis
851 1091 946 1158 annis
973 1096 1050 1158 ante
1082 1091 1239 1174 scriptam
1271 1109 1343 1156 esse

77 1227 212 1275 necesse
247 1208 293 1274 sit
302 1206 337 1289 ³).
406 1209 596 1291 Praeterea,
634 1209 662 1275 si
697 1209 755 1274 sub
787 1208 959 1275 Hadriano
995 1209 1167 1290 septimam
1206 1206 1344 1274 satiram

80 1324 282 1390 condidisset
313 1324 339 1389 J
340 1324 499 1408 uvenalis,
535 1324 652 1390 mirum
683 1344 762 1391 saue
793 1330 881 1391 esset
911 1325 954 1390 ad
980 1330 1128 1405 tempora
1155 1323 1345 1406 praesentia

81 1441 246 1522 carpenda
268 1441 301 1506 id
325 1446 525 1524 convertere,
550 1440 635 1520 quod
657 1446 734 1507 ante
757 1440 897 1525 triginta
920 1440 1053 1507 circiter
1082 1459 1183 1507 annos
1207 1439 1342 1506 accidis·

82 1552 176 1642 set).
222 1555 330 1639 Adde,
354 1556 439 1639 quod
470 1556 509 1623 de
541 1558 649 1623 altera
676 1556 830 1641 editione,
866 1562 904 1623 ut
934 1558 1000 1624 iam
1033 1575 1132 1639 supra
1166 1556 1342 1640 docuimus

80 1671 220 1757 cogitari
243 1671 357 1752 nequit
366 1667 391 1755 ⁵)
416 1677 450 1737 et
472 1672 540 1739 alia
563 1677 757 1756 argumenta
780 1692 817 1739 eo
840 1692 973 1754 prorsus
1003 1674 1134 1758 ducunt,
1163 1678 1202 1738 ut
1230 1672 1344 1740 laudes

80 1789 157 1856 illas
181 1789 205 1854 J
208 1787 432 1872 uvenalianas,
456 1788 551 1855 initio
576 1788 735 1871 septimae
759 1789 883 1856 satirae
912 1790 1119 1872 praepositas
1128 1787 1162 1872 ⁶),
1192 1789 1234 1855 ad
1264 1790 1345 1856 Tra-

77 1906 198 1989 ianum,
220 1904 338 1971 utiam
359 1904 454 1970 multi
476 1905 669 1972 firmissimis
696 1907 897 1988 argumentis
919 1907 1097 1989 evicerunt,
1119 1901 1342 1989 referamus).

80 2020 174 2105 Quod
192 2021 328 2103 primum
345 2020 446 2087 Statii
462 2026 497 2087 et
509 2020 705 2105 Quintiliani
719 2023 840 2087 mentio
856 2024 1046 2103 comprobat
1053 2018 1089 2105 ⁸).
1114 2020 1242 2089 Statius
1258 2021 1346 2088 circa

80 2142 123 2202 40
154 2157 186 2219 p.
219 2137 293 2204 Ohr.
324 2156 397 2204 anu.
428 2135 569 2220 natus),
599 2138 711 2203 eodem
741 2138 810 2204 iere
839 2145 998 2222 tempore,
1034 2158 1096 2219 quo
1126 2139 1343 2223 Domitianus

185 2431 208 2499 ¹)
235 2431 296 2483 Vid.
315 2448 341 2500 p.
360 2429 474 2483 23-25.

183 2520 209 2587 ²)
236 2521 299 2574 Loe.
318 2520 390 2573 laud.

186 2606 211 2675 3)
238 2607 276 2662 Cf.
297 2608 326 2661 C.
345 2610 388 2662 Fr.
407 2609 556 2677 Hermann,
574 2609 616 2660 De
636 2611 686 2660 sat.
707 2611 776 2678 sept.
796 2612 878 2677 temp.
897 2625 923 2677 p.
938 2607 980 2661 19.
999 2639 1032 2648 -
1050 2609 1093 2661 De
1110 2612 1210 2661 natura
1221 2611 1343 2678 priorum

81 2701 109 2750 et
135 2701 323 2768 posteriorum
341 2699 483 2751 Iuvenalis
502 2699 649 2750 satirarum
666 2699 695 2750 in
713 2698 775 2753 libr.
811 2712 874 2749 meo
894 2700 1004 2767 saepius
1023 2699 1136 2751 laudato
1157 2699 1269 2765 „Panem
1289 2715 1345 2752 car.

78 2803 96 2838 n
113 2785 269 2840 IOsesaus“
289 2788 402 2841 uberius
422 2788 568 2858 disputavi,
586 2805 612 2857 p.
631 2787 682 2839 297
703 2803 743 2856 sq.
761 2786 813 2838 437
833 2803 873 2856 sq.
910 2787 952 2839 De
972 2789 1104 2856 septimae
1124 2790 1225 2841 satirae
1242 2793 1344 2840 natura

77 2895 103 2930 v.
122 2877 188 2932 ibid.
206 2895 233 2947 p.
253 2876 401 2930 259-269.

183 2965 209 3034 ⁴)
236 2967 349 3032 leker,
367 2968 493 3038 Juvenal,
512 2970 555 3019 ein
568 2967 685 3021 Lebens-
705 2967 761 3019 und
774 2965 993 3037 Charalrterbild,
1012 2967 1159 3038 Elberfeld,
1178 2967 1246 3020 1851
1260 2986 1286 3038 p.
1300 2967 1342 3021 96.

80 3054 119 3109 cf.
139 3055 322 3126 Syunerberg,
340 3074 366 3126 p.
386 3057 428 3108 75.

185 3144 210 3213 ⁶)
236 3145 297 3199 vid.
315 3163 341 3216 p.
361 3145 403 3199 18.

184 3232 209 3301 ⁶)
236 3235 418 3288 Vers.1—3:
454 3235 506 3301 „Et
524 3250 587 3304 spes
606 3237 721 3287 stratio
741 3235 895 3288 studiorum
917 3235 946 3287 in
966 3233 1082 3288 Caesare
1106 3239 1227 3288 tantum:
1261 3236 1342 3290 Solus

78 3324 151 3376 enim
170 3324 264 3376 tristes
283 3324 336 3377 hae
354 3328 520 3394 tempestate
539 3323 672 3377 Camenas
691 3325 849 3394 Respexit.“

184 3411 208 3481 1)
235 3414 272 3466 Ut
290 3415 392 3467 multos
410 3417 532 3484 priorum
551 3418 707 3483 temporum
726 3415 866 3467 Iuvenalis
887 3415 1016 3483 editores,
1032 3429 1101 3483 quos
1120 3415 1193 3484 apud
1210 3415 1342 3468 Herman-

78 3519 144 3555 num
169 3503 225 3570 (Da
251 3507 301 3556 sat.
327 3509 396 3574 sept.
420 3508 504 3574 temp.
528 3522 555 3574 p.
578 3503 596 3555 4
619 3520 680 3556 ann.
706 3505 738 3556 17
765 3505 819 3574 sq.)
844 3509 1018 3558 enumeratos
1040 3507 1176 3574 invenies,
1209 3506 1343 3576 omittam,

81 3594 163 3644 etiam
186 3596 354 3647 recentiores
377 3596 406 3646 in
428 3594 499 3646 hane
523 3596 688 3647 sententiam
709 3596 814 3665 ierunt,
842 3599 874 3646 ut
895 3595 1068 3647 Her-mannus
1091 3595 1167 3661 (Juv.
1192 3595 1233 3648 ed.
1258 3598 1343 3665 prael.

80 3695 107 3749 p.
125 3681 198 3752 XV),
216 3682 380 3735 Voellrerius
400 3683 538 3752 (Juvenal,
557 3700 584 3752 p.
597 3683 641 3753 98,
661 3683 735 3751 105),
754 3685 871 3753 Bergine
890 3684 960 3751 (Des
978 3685 1012 3737 D.
1030 3684 1054 3736 J.
1074 3684 1216 3737 Iuvenalis
1236 3685 1343 3738 Satiren

79 3769 117 3821 im
136 3770 298 3824 Versmaese
318 3773 365 3824 des
385 3771 523 3841 Originals
542 3774 681 3825 dbersetzt
698 3773 755 3825 und
774 3774 915 3843 erl'tutert,
939 3774 1084 3843 Stuttgart,
1107 3772 1175 3826 1863
1194 3791 1220 3843 p.
1240 3774 1283 3844 27,
1301 3775 1344 3844 28,

79 3858 233 3930 164,165),
253 3860 397 3913 Sieboldus
418 3863 484 3928 (Die
503 3861 611 3915 Satiren
636 3863 661 3915 d.
680 3862 834 3932 Juvenais,
858 3863 905 3915 lat.
925 3863 998 3915 'I'ext
1020 3865 1070 3915 mit
1088 3866 1166 3916 metr.
1186 3864 1344 3917 Ueberseta.

78 3948 136 4000 und
160 3949 390 4020 Erlduterungen,
413 3952 533 4021 Leipzig,
557 3951 635 4003 1858.
659 3951 769 4004 Eiuleit.
794 3969 820 4021 p.
837 3948 924 4022 XVII,
941 3969 968 4021 p.
987 3951 1067 4021 142),
1089 3951 1256 4005 Ribbeckius
1280 3953 1345 4019 (sd.

80 4043 192 4092 stereot.
213 4041 297 4110 prael.
322 4058 349 4110 p.
372 4041 424 4110 X),
455 4041 589 4093 Widalius
615 4041 744 4108 (Juvenal
768 4046 796 4095 st
820 4058 864 4094 ses
888 4043 1001 4111 satiras,
1026 4041 1121 4095 studes
1146 4041 1293 4096 litteraires
1318 4048 1346 4096 et

79 4129 208 4198 morales,
227 4130 313 4199 Paris,
332 4128 402 4182 1869
420 4147 446 4199 p.
465 4129 526 4199 165,
545 4129 619 4199 166),
638 4131 790 4184 Vescovius
803 4132 854 4198 (Le
874 4133 957 4184 satira
980 4131 1007 4183 di
1026 4131 1175 4184 Giovenale
1194 4133 1299 4186 voltate
1316 4134 1345 4184 in

79 4219 153 4270 versi
171 4218 278 4271 italiani
297 4220 331 4271 ed
351 4224 480 4272 annotate
501 4220 543 4271 col
563 4224 635 4272 testo
655 4237 672 4272 a
689 4221 788 4289 fronte,
806 4221 929 4289 Fireuze,
949 4221 1017 4272 1875
1029 4238 1055 4290 p.
1069 4221 1127 4290 XV,
1145 4221 1209 4273 XVI
1227 4226 1255 4274 et
1271 4221 1346 4291 195),

78 4304 233 4376 Hilgersius
253 4308 384 4374 (Juvenal
402 4310 431 4360 in
451 4308 602 4361 deutschen
620 4309 745 4379 Jamben,
764 4310 884 4379 Leipzig,
903 4308 981 4379 1876,
999 4327 1025 4379 p.
1044 4309 1110 4376 928)
1130 4310 1240 4378 aliique.

185 4392 210 4463 ⁰)
238 4397 299 4450 Vrs.
318 4397 437 4468 82-873
465 4397 615 4451 186-189.

187 4483 213 4553 ⁰)
240 4485 338 4558 Imhof,
357 4488 387 4543 P.
405 4487 512 4558 Papinii
531 4488 612 4542 Statii
630 4488 727 4558 ecloga
746 4489 781 4540 ad
799 4503 924 4559 uxorem,
942 4489 1037 4557 Halae,
1056 4487 1126 4540 1863
1144 4505 1170 4558 p.
1189 4487 1223 4540 15
1243 4503 1284 4557 sq.

1136 4594 1175 4643 Ἧίι
