2992 4808
701 297 912 392 „u-

171 509 285 577 villam
319 506 382 576 sibi
416 506 558 590 paravit.
615 506 669 573 Ibi
702 507 788 589 quod
821 507 913 575 vitae
946 506 1107 589 reliquum
1141 509 1216 573 erat
1247 505 1379 589 placide
1409 503 1444 571 in

169 625 346 692 solitudine
369 624 536 708 transegit
549 619 583 708 ¹).
630 622 701 709 Quo
725 627 872 706 ternpore
888 623 969 691 duos
990 622 1123 690 ultimos
1139 623 1319 690 carminum
1336 622 1443 689 libros

170 741 361 824 publicavit.
406 739 577 808 Extremis
599 739 766 807 Hadriani
789 741 991 823 temporibus
1014 737 1118 824 (intra
1138 736 1444 823 ann.127et129)

170 876 292 942 angore
315 877 354 925 ac
377 857 488 924 taedio
512 855 634 942 „periit
649 875 734 922 anno
750 856 873 922 aetatis
896 874 977 922 suae
992 855 1098 923 altero
1114 861 1149 922 et
1163 851 1387 939 octogesimo“
1403 850 1443 937 2).

276 975 329 1040 De
352 972 529 1042 luvenalis
552 972 745 1055 parentibus
767 972 851 1039 nihil
873 973 943 1039 fere
967 973 1051 1039 certi
1074 970 1251 1039 memoriae
1273 970 1445 1055 proditum

169 1088 265 1172 θεῖ’).
311 1092 457 1159 Uxorem
480 1108 643 1172 nunquam
668 1088 801 1155 duxisse
820 1089 961 1174 videtur,
986 1089 1071 1172 quod
1095 1089 1200 1157 satira
1222 1090 1287 1174 XI,
1312 1088 1381 1172 ubi,
1407 1095 1445 1156 ut

171 1209 258 1291 apud
281 1208 476 1276 Martialem
487 1202 529 1292 ⁴),
561 1203 704 1292 ,‚vilica“
733 1225 792 1288 pro
820 1224 921 1272 uxore
948 1200 1192 1290 memoratur⁵)‚
1239 1208 1443 1288 comprobat.

168 1327 222 1392 Dc
245 1323 442 1391 coniecturis
465 1343 555 1408 vero,
580 1342 663 1404 quae
687 1343 707 1389 a
729 1320 963 1402 Voslckerio⁸)
993 1328 1027 1389 et
1049 1322 1207 1390 Weberio
1220 1316 1246 1406 ⁷)
1271 1321 1312 1389 de
1335 1323 1361 1388 J
1364 1341 1446 1391 uve·

168 1441 254 1508 nalis
277 1441 349 1509 vita
376 1438 532 1507 familiari
559 1439 709 1522 prolatae
737 1443 830 1522 sunt,
863 1458 928 1505 non
963 1444 1015 1506 est
1037 1439 1124 1521 quod
1146 1457 1305 1506 moneam.
1352 1439 1445 1506 Nam

170 1558 229 1625 has
262 1556 537 1624 hallucinationes
568 1555 632 1623 iam
662 1554 834 1624 Sieboldus
878 1556 973 1638 plane
1003 1552 1210 1639 redrtavit⁸).
1257 1557 1311 1623 De
1341 1557 1445 1625 Juve-

168 1673 254 1741 nalis
293 1673 422 1757 omitia,
465 1671 493 1740 si
526 1672 717 1739 Martialem
748 1672 907 1757 excipias,
943 1670 1025 1739 nihil
1059 1673 1129 1739 fere
1164 1673 1249 1739 certi
1282 1673 1444 1741 affirmari

168 1795 289 1874 potest,
309 1788 644 1856 cumnominaaorum
658 1788 779 1871 partim
791 1788 905 1873 ignota
917 1788 985 1855 sint
997 1789 1117 1871 partim
1128 1789 1207 1855 licta
1219 1787 1442 1873 videanturb.

275 1965 296 2034 ¹)
314 1965 389 2018 Haec
408 1967 501 2018 omnia
520 1966 622 2018 satirae
641 1965 680 2018 XI
697 1965 791 2018 indole
810 1966 932 2018 maxime
953 1964 1176 2034 comprobantur.
1215 1963 1255 2017 Of.
1268 1964 1331 2018 libr.
1350 1981 1444 2017 meum

167 2071 194 2124 p.
222 2053 288 2107 326:
327 2052 553 2121 „Ounuuaunarax
572 2070 682 2124 campa,
710 2055 832 2118 nouodno
866 2069 1048 2107 ocransunnrn
1081 2055 1318 2124 uponsneueximra
1352 2070 1443 2120 unyxa

167 2151 348 2208 uomhuuuxn
360 2160 455 2213 unum,
476 2159 628 2197 oruocurcx
640 2160 677 2195 us
690 2159 892 2213 upenuouusnrn
905 2159 1010 2207 rosana
1022 2159 1112 2196 xxanu
1124 2159 1218 2197 noara.
1254 2143 1444 2197 Vroxxeuurull

169 2237 348 2287 mxrehcnmru
365 2249 540 2303 xenaropaun,
560 2249 708 2303 carnpnu's,
732 2249 766 2287 no
785 2235 978 2304 aosnpamcniu
1000 2249 1052 2286 usn
1062 2233 1210 2304 Bpurauiu,
1234 2249 1339 2286 ncxar'n
1363 2247 1446 2300 ycuo·

167 2325 264 2377 noeais
285 2340 320 2377 xa
337 2331 409 2377 roua
422 2339 559 2394 npnpopnr.
594 2322 721 2389 lllyxuax
734 2339 992 2394 ropoucrauxrusnn,
1010 2338 1141 2393 uoroporo
1159 2339 1216 2389 yma
1235 2339 1273 2375 ss
1285 2337 1446 2386 uoxouocru

167 2429 317 2466 rsrornucs
338 2427 436 2482 soora,
455 2414 530 2465 onus
541 2427 752 2465 noromnreuaso
770 2403 803 2464 ne
816 2428 851 2465 no
866 2429 971 2465 cusona
984 2420 1302 2479 mecrnuecxrxnhrxcxy
1314 2428 1446 2482 crapnny,

167 2517 380 2572 nospxceusoxy
403 2516 592 2571 npsncrnerruo
611 2518 629 2552 n
648 2516 806 2554 ousnxecnu.
852 2501 949 2554 lloar‘n
975 2517 1113 2554 coranuun
1137 2503 1226 2556 Phua.
1271 2501 1446 2555 Heboxsmau

167 2607 354 2661 nouropopaax
365 2592 493 2661 ycapnda,
520 2597 655 2654 cocturas
669 2607 704 2642 cu·
725 2606 903 2643 snaxexurom
916 2591 1139 2660 'l'ndyprnncnoro
1152 2607 1271 2661 sumam,
1291 2599 1443 2655 cumuacs

167 2681 470 2750 xhcronpedmnauierrn
495 2695 640 2749 carupura.
677 2679 756 2732 Tuxo
775 2697 793 2731 u
812 2695 930 2743 cunnouo
953 2695 1112 2749 upoxouxuu
1135 2682 1283 2744 neustrie
1306 2695 1379 2744 romu
1397 2696 1444 2734 cro

168 2786 266 2840 mucan,
286 2786 368 2840 cpeun
381 2785 621 2840 rnreparypumxn
639 2770 758 2838 scansili,
777 2771 917 2822 exomenih
939 2786 974 2822 cn
996 2785 1134 2839 upyaaxuu
1151 2787 1169 2822 n
1186 2772 1445 2823 xosadcrsenunrxs

166 2861 281 2913 salioru.
317 2859 445 2929 llsphuna
463 2874 564 2913 rorans
583 2873 672 2911 nonna
690 2874 868 2912 acuonnuaua
892 2860 982 2912 dmroe
1008 2874 1108 2929 crapoe
1133 2874 1230 2928 spemn,
1253 2875 1444 2929 nponeueasoc

166 2966 204 3002 nn·
216 2966 302 3018 npyry
314 2950 455 3001 drusum
472 2951 580 3018 ppyaeli.
608 2947 695 3012 Torua
708 2964 746 2999 un
759 2949 879 3014 ycauuoh
898 2964 1053 3014 uacrynano
1066 2964 1154 3018 spemn
1166 2963 1329 3012 ponsmnnro
1348 2964 1443 3019 upaap·

166 3055 243 3092 unua.
281 3036 408 3108 (lypsana
426 3038 591 3108 nacrpoeuie
616 3053 753 3107 carnpnua
777 3052 910 3091 ncuesauo
928 3054 946 3089 x
965 3052 1020 3090 oua
1039 3052 1185 3090 nocmuaxn
1207 3052 1290 3090 aaars
1315 3054 1354 3090 nn
1373 3037 1443 3091 cedd

166 3144 341 3198 ropopcrrux‘s
359 3131 459 3199 ppyseli
477 3145 512 3181 ua
531 3142 678 3198 cuporrxym
696 3143 888 3197 pepenexcnyro
907 3131 1051 3197 rpaucsy.“

273 3218 298 3285 ²)
317 3217 382 3271 vics
399 3219 566 3272 Donatiana.

273 3305 297 3374 ³)
316 3307 372 3361 vit.
391 3307 542 3362 Probiana:
563 3307 702 3375 „libertini
723 3306 871 3376 locupletis
895 3307 1034 3359 incertum
1058 3306 1131 3359 filius
1150 3323 1186 3360 an
1205 3306 1363 3360 alumnus.“
1403 3304 1438 3361 dt

166 3397 300 3467 Francke,
318 3397 337 3450 l.
355 3397 374 3452 l.
393 3414 419 3467 p.
438 3397 500 3450 119.

272 3485 298 3554 ⁴)
317 3487 367 3558 Ep.
385 3487 445 3559 XII,
463 3487 499 3540 18
517 3503 588 3540 vers.
608 3487 652 3542 20.

273 3576 298 3644 5)
316 3576 379 3631 Vra.
392 3576 439 3630 69:
460 3577 606 3647 „Aspargi⁷
619 3577 713 3646 posito
727 3591 797 3645 qnos
811 3576 881 3646 legit
894 3575 978 3628 vilica
992 3576 1079 3629 luso.“
1101 3574 1139 3629 Ol.
1151 3576 1289 3647 Weidner,
1300 3579 1314 3642 5
1326 3575 1370 3630 13.
1380 3592 1409 3630 ιι.
1419 3575 1445 3629 2.

272 3665 297 3733 ⁰)
316 3667 346 3720 L.
364 3667 383 3719 l.
402 3684 429 3737 p.
448 3665 498 3737 163
517 3667 550 3720 cf.
570 3683 595 3736 p.
615 3665 659 3719 64.

274 3753 298 3823 ⁷)
316 3756 369 3809 Die
388 3756 505 3826 Satircn,
527 3773 553 3826 p.
572 3755 633 3808 230.

272 3844 296 3914 ⁸)
315 3846 378 3900 Vid.
396 3845 494 3900 Juveu.
514 3845 595 3898 Satin.
613 3863 641 3916 p.
659 3845 711 3898 XX
730 3844 908 3915 eiusdemque
927 3846 1049 3898 auctoris
1080 3845 1148 3912 „Die
1174 3843 1284 3898 sechstc
1304 3844 1387 3898 satir.
1414 3843 1440 3898 d

166 3935 228 3990 Juv.
246 3935 472 4005 Braunschweig,
489 3934 561 3988 1854
579 3953 606 4005 p.
625 3935 641 3987 3
661 3951 702 4004 sq.

272 4024 296 4093 ⁹)
316 4026 420 4079 Eorum
437 4027 552 4079 nomina
569 4025 638 4078 haec
657 4028 734 4078 sunt:
758 4024 914 4078 Umbricius
934 4025 995 4094 (ΙΙΙ,
1009 4023 1066 4093 21),
1084 4025 1234 4078 Postumus
1254 4022 1377 4094 (V1,21.
1396 4021 1441 4076 28.

166 4115 242 4186 377),
261 4115 406 4169 Telesinus
426 4115 499 4184 (Vll,
519 4115 576 4185 25),
594 4115 725 4168 Ponticus
745 4114 831 4183 (Vlll,
849 4114 874 4168 1.
895 4115 937 4167 75.
961 4113 1036 4181 179),
1059 4114 1188 4166 Persicus
1215 4113 1275 4183 (XI,
1299 4114 1357 4184 57),
1377 4112 1441 4166 Gor·

166 4206 248 4258 vinus
268 4204 341 4275 (XII,
359 4205 384 4258 1.
403 4204 461 4274 93),
481 4203 606 4256 Catullus
626 4204 699 4273 (XII,
718 4203 776 4272 29),
803 4202 935 4257 Calvinus
960 4203 1048 4272 (XIII,
1071 4204 1111 4273 5),
1135 4204 1269 4256 Fuscinas
1296 4203 1382 4269 (XIV,
1405 4203 1441 4271 1),

167 4294 318 4348 Volusinus
337 4293 410 4364 (XV,
422 4293 462 4363 1),
482 4293 578 4346 Gallus
592 4293 678 4363 (XVI,
691 4293 731 4359 1).
751 4323 786 4332 -
805 4291 844 4344 Of.
858 4293 984 4363 Strauch,
1002 4293 1020 4345 l.
1034 4293 1053 4344 l.
1066 4310 1093 4362 p.
1105 4293 1139 4345 42
1158 4309 1198 4362 aq.
1211 4308 1360 4370 meumque
1378 4292 1440 4345 libr.

165 4383 200 4435 de
216 4384 313 4436 satiris
337 4398 408 4452 puae
428 4382 661 4437 declamationum
678 4383 792 4436 nomine
810 4384 944 4451 seruntur,
961 4399 988 4452 p.
1008 4383 1051 4434 27.

646 4544 976 4566 ΛΛΛΙΝΛΛΛΛΛΛΝΝΝΝΛΝ
