2992 4808
769 233 806 292 16

677 315 888 324 ——no—

151 444 243 505 stans
271 437 357 504 deici
390 436 502 503 dolore
532 455 597 503 non
626 439 733 520 debet,
769 458 829 505 nec
861 437 1094 519 vehementius,
1128 455 1224 517 quam
1260 456 1313 502 res
1344 436 1421 517 ipsa

150 559 275 635 poscat,
300 552 463 620 afflictari.
509 553 639 620 Pudeat
661 558 705 638 te,
735 555 820 634 quod
844 552 996 636 exiguum
1026 572 1064 618 ac
1093 551 1166 619 leve
1191 552 1310 618 malum
1335 552 1420 618 tole·

151 689 226 736 rare
253 688 396 750 nequeas
427 673 461 735 et
487 668 626 736 furentis
658 669 691 735 in
724 689 845 735 morem
880 669 1100 736 excandescas
1133 671 1173 734 ob
1205 669 1353 734 fraudem
1385 675 1421 734 et

150 786 319 868 perfidiam
354 785 458 868 amici,
494 785 674 868 depositum
710 785 771 851 tibi
805 785 941 852 reddere
975 785 1140 868 negantis,
1180 785 1263 865 quod
1303 790 1421 850 sancte

150 901 398 968 custodiendum
422 902 462 966 ab
486 921 524 968 eo
548 906 583 968 et
606 902 805 967 reddendum
837 906 919 967 erat.
972 899 1028 967 Ao
1050 903 1111 967 isto
1137 902 1286 982 mirator,
1320 901 1376 983 qoc'
1400 921 1422 964 o

150 1018 241 1083 dorso
264 1018 383 1083 dimosc't
404 1038 507 1083 oooos
537 1038 715 1102 scaopcaos,
747 1017 803 1083 sod
826 1017 941 1083 Fontei
966 1019 1131 1084 consulatu
1150 1015 1299 1101 penitus?
1332 1014 1419 1099 (vel:

151 1155 196 1201 aa
219 1135 369 1200 eiusmodi
390 1134 482 1219 frocos
494 1134 579 1199 miro
600 1134 701 1198 etidcrc'
723 1133 808 1199 debet
821 1133 943 1198 loomim
964 1156 1072 1199 rorum
1083 1136 1186 1218 perito
1205 1140 1297 1216 atque
1315 1153 1423 1197 ammos

150 1255 227 1316 moto
249 1247 460 1335 seooopo'otoli.
515 1248 649 1315 Nihilne
672 1249 805 1315 tandem
829 1249 973 1315 didicisti
997 1269 1036 1315 ac
1060 1251 1229 1331 profecisti
1254 1250 1295 1315 ad
1322 1267 1422 1314 casus

151 1365 307 1433 adversos
330 1365 435 1431 levius
459 1364 625 1448 ferendos,
661 1371 729 1431 tam
752 1365 852 1447 longa
874 1365 1078 1446 experientia
1092 1362 1132 1431 ?“
1168 1367 1285 1445 Itaque
1310 1365 1423 1429 omnia

151 1483 233 1548 bene
257 1501 291 1547 sc
315 1481 490 1563 habebunt,
520 1481 548 1546 si
577 1480 803 1564 interrogandi
826 1480 962 1546 formam
992 1480 1177 1547 retinueris.
1234 1482 1423 1546 Praeterea

152 1615 294 1678 pronom.
321 1601 429 1662 neutr.
460 1594 593 1679 „haec“,
628 1597 713 1678 quod
743 1617 763 1662 a
790 1599 891 1662 verbo
922 1594 1077 1680 „stupet“
1093 1593 1117 1679 ¹)
1147 1597 1276 1678 pendet,
1306 1595 1423 1661 eodem

152 1712 314 1779 communi
330 1730 427 1777 sensu
441 1718 630 1793 usurpatum
649 1717 709 1795 est,
734 1731 795 1792 quo
817 1732 915 1794 supra
936 1731 1113 1794 pronomen
1130 1713 1272 1779 eiusdem
1290 1715 1424 1796 generis

153 1823 330 1913 „quae“²),
364 1827 460 1909 quod,
491 1832 529 1892 ut
559 1847 576 1893 e
605 1829 705 1894 verbo
734 1825 902 1910 „pateris“
931 1833 1078 1911 apparet,
1113 1829 1154 1894 ad
1186 1829 1294 1894 omnia
1321 1830 1423 1912 mala,

153 1946 268 2026 quibus
293 1946 427 2010 obrutus
451 1949 504 2009 est
526 1942 694 2023 Calvinus,
718 1948 771 2009 nt:
801 1963 936 2026 „recens
960 1942 1098 2026 scelus“,
1124 1945 1225 2028 „fides
1249 1947 1290 2010 ab
1314 1945 1424 2010 amico

152 2057 309 2143 violata“,
336 2059 504 2143 „iacturae
527 2055 628 2124 onus“
641 2056 677 2141 ⁸),
701 2059 855 2125 refertur.
897 2059 922 2124 J
924 2079 976 2125 am
993 2060 1021 2125 si
1037 2061 1271 2127 sententiarum
1288 2080 1421 2144 nexum,

153 2176 207 2256 qui
230 2176 282 2242 his
306 2176 429 2242 duobus
452 2175 601 2242 versibus
618 2174 814 2257 continetur,
839 2175 1034 2258 consideres
1058 2178 1138 2243 haec
1162 2177 1316 2243 habebis:
1343 2175 1422 2242 Cal-

152 2291 248 2359 vinus
271 2310 333 2356 non
358 2292 458 2357 solum
477 2291 657 2373 aegerrime
673 2291 752 2356 tulit
775 2310 905 2373 „casum
923 2311 940 2356 e
957 2292 1061 2357 medio
1077 2291 1228 2357 fortunae
1252 2283 1420 2372 ace1·vo⁴),

153 2408 226 2490 sed,
262 2406 410 2489 quamvis
446 2404 688 2487 sexagenarius
727 2405 824 2472 valde
858 2407 996 2473 miratus
1021 2412 1080 2487 cst,
1121 2405 1297 2486 obstupuit,
1331 2406 1422 2484 quod

153 2523 276 2590 amicus
299 2521 439 2587 infidelis
472 2521 653 2601 depositum
690 2521 752 2587 sibi
787 2524 976 2603 abnegaret.
1036 2522 1155 2602 Itaque
1179 2529 1214 2585 et
1237 2529 1350 2602 stupor
1384 2528 1422 2586 et

154 2643 306 2706 senectus
331 2657 401 2704 cum
417 2635 548 2703 Caluini
563 2636 751 2702 conditione
775 2642 852 2718 apte
873 2637 1122 2719 coniunguntur.
1163 2638 1188 2703 J
1190 2638 1322 2703 uvenali
1338 2656 1420 2702 vero

153 2755 286 2821 minima
310 2760 383 2821 erat
405 2772 506 2820 causa
529 2759 587 2818 aut
613 2753 719 2819 scelus
743 2752 881 2819 mirandi
914 2760 972 2817 aut
995 2771 1096 2818 annos
1119 2753 1208 2820 vitae
1232 2772 1310 2819 suae
1334 2770 1421 2817 com-

153 2869 304 2952 putandi;
330 2870 400 2951 ipse
417 2869 502 2935 enim
519 2869 700 2952 confitetur,
718 2889 753 2936 se
769 2870 856 2935 haud
873 2888 948 2935 raro
965 2869 1122 2934 eiusmodi
1138 2889 1200 2951 res,
1222 2875 1259 2935 ut
1273 2869 1419 2952 fraudes,

154 2985 312 3053 violatam
335 2985 430 3051 fidem
456 2985 576 3051 similia
599 2984 721 3051 vidisse
730 2980 766 3067 ⁵).
813 2983 918 3068 Quam
949 2987 989 3051 ab
1016 3004 1084 3049 rem
1109 2984 1136 3051 si
1160 2989 1302 3050 aetatem
1327 3003 1421 3050 suam

154 3103 318 3183 respicere
343 3102 454 3184 vellet,
491 3102 600 3184 potius
634 3101 674 3166 de
707 3100 928 3167 adolescentia
952 3120 1021 3182 sua,
1058 3120 1153 3182 quam
1187 3101 1225 3166 de
1250 3105 1421 3166 senectute

154 3219 215 3283 hoc
238 3216 308 3284 fere
324 3236 421 3283 sensu
437 3218 640 3298 loqueretur:
666 3215 775 3301 „Quid
791 3217 928 3298 stupes?
951 3218 1017 3282 iam
1034 3217 1224 3283 adolescens
1240 3216 1326 3282 haud
1344 3236 1421 3282 raro

153 3333 232 3416 vidi,
266 3351 348 3415 quae
371 3329 542 3414 patiaris.“
596 3332 679 3397 Inde
702 3333 857 3416 sequitur,
891 3337 929 3398 ut
954 3337 1087 3415 „stupet
1109 3329 1249 3415 haec“⁸)
1282 3351 1345 3397 non
1376 3334 1419 3399 ad

154 3451 179 3516 J
181 3449 366 3531 uvenalem,
402 3448 459 3514 sed
482 3448 524 3514 ad
547 3446 734 3531 Calvinum,
769 3449 823 3528 qui
852 3450 939 3514 solus
964 3447 1211 3530 „spumantibus
1245 3448 1341 3514 ardet
1371 3449 1422 3515 vi·

154 3558 359 3648 secribus“⁷)
382 3564 588 3631 referendum
611 3560 700 3647 sit⁸).

261 3730 284 3796 ¹)
312 3730 373 3783 Vrs.
392 3730 435 3786 16.

312 3818 375 3875 Vre.
394 3819 420 3871 9.

312 3907 373 3961 Vrs.
393 3907 462 3961 5-6
480 3912 508 3960 et
526 3907 550 3960 8.

313 3997 374 4049 Vrs.
393 3996 489 4049 9-10.

312 4084 373 4138 Vrs.
392 4084 474 4137 8-9:
565 4101 631 4151 „nec
648 4101 712 4138 rara
729 4085 863 4154 videmus,
884 4084 960 4150 Quae
978 4088 1107 4155 pateris.“

312 4174 374 4226 Vre.
394 4173 436 4226 16.

312 4263 374 4316 Vrs.
393 4263 436 4315 14.

310 4352 396 4405 Recte
419 4353 570 4423 Strackius,
604 4353 622 4406 l.
641 4353 659 4408 l.
678 4370 704 4423 p.
723 4352 757 4404 31
777 4369 853 4404 ann:
895 4353 940 4418 ,si
965 4353 993 4404 id
1021 4352 1094 4420 quod
1120 4352 1180 4404 vult
1203 4351 1302 4404 Friedl.
1326 4352 1422 4417 (Juve-

290 4457 350 4495 cere
368 4442 511 4512 voluisset,
528 4440 575 4494 loc
592 4457 648 4494 non
666 4440 730 4495 boec
749 4442 870 4495 scribere
892 4442 1012 4495 dcbuit.“

260 4350 272 4384 8

259 3819 287 4494 ἓψκ-ἒᾱόδκῧό

155 4442 240 4508 nolis)
