2992 4808
733 285 855 375 :nm

115 489 338 576 Quintiliano,
367 499 404 557 ut
427 493 603 558 satirarum
628 493 781 576 scriptor,
806 493 860 573 qui
885 492 983 575 „olim
1006 489 1256 568 nominabitur“‚
1287 498 1383 559 notus

115 628 189 675 esse
212 608 330 690 potuit.
377 609 443 675 Sed
466 609 542 690 quid
571 628 690 676 causae
720 615 785 692 est,
815 629 872 674 our
895 607 1119 692 Quintilianus
1143 614 1257 689 aperte
1280 611 1381 676 Juve-

114 727 222 792 nalem
246 745 310 791 non
334 725 575 792 nominaverit?
610 726 774 791 Nimirum
797 725 846 807 id,
881 724 965 806 quod
995 730 1093 806 poeta
1120 731 1198 790 tunc
1226 726 1382 805 temporis

115 842 224 907 odium
241 843 442 923 permoverit
457 842 649 924 Domitiani,
674 842 726 906 cui
742 839 975 925 Quintilianus,
992 845 1030 906 ut
1044 841 1219 906 liberorum
1237 842 1383 907 Olemen-

115 958 169 1039 tis,
193 957 376 1023 Domitiani
398 957 574 1040 patruelis,
598 965 792 1039 praeceptor
804 953 842 1039 ¹),
867 956 963 1038 plane
987 957 1223 1022 dedituserat.
1272 957 1383 1024 Aliter

114 1094 178 1157 reS,
202 1081 239 1140 ut
262 1074 385 1156 opinor,
410 1073 473 1140 iam
498 1079 674 1156 propterea
691 1074 849 1155 explicari
871 1073 994 1156 nequit,
1019 1073 1103 1154 quod
1119 1073 1295 1139 luvenalis
1317 1074 1382 1139 iam

114 1197 184 1254 tum
213 1189 275 1256 sibi
305 1190 436 1271 aliquod
465 1208 581 1255 nomen
612 1189 744 1273 ingenio
768 1207 824 1255 suo
849 1189 1062 1271 comparavit.
1109 1187 1201 1273 Quae
1233 1207 1305 1254 cum
1333 1190 1382 1256 ita

114 1305 194 1389 sint,
223 1323 287 1371 non
317 1311 369 1371 est
400 1306 484 1386 quod
508 1306 705 1372 Juvenalem
736 1306 894 1372 extremis
918 1306 1100 1372 Domitiani
1123 1304 1322 1387 temporibus
1347 1305 1381 1371 in

115 1422 247 1487 exilium
270 1422 402 1486 missum
426 1440 591 1504 negemus.
848 1403 851 1409 ⁵

221 1537 318 1602 Nunc
340 1536 382 1601 ad
402 1555 451 1620 ea,
476 1557 558 1618 quae
582 1537 862 1622 aSpauerberpm,
882 1537 1057 1620 Stumpiao,
1076 1537 1227 1616 Stroebio,
1246 1538 1381 1603 Cbristio

115 1652 155 1718 tle
183 1651 349 1720 Juvenale
378 1652 562 1718 Domitiani
590 1653 792 1734 temporibus
824 1654 918 1719 exule
951 1653 1040 1719 dicta
1073 1660 1161 1735 sunt,
1195 1673 1379 1737 pergamus.

220 1769 492 1852 Synnerbergius,
510 1769 632 1834 duobus
650 1768 727 1833 libri
751 1769 883 1850 septimi
904 1770 1150 1853 epigrammatis
1175 1769 1343 1835 Martialis
1354 1765 1379 1853 ²)

114 1887 140 1951 J
141 1887 310 1952 uvenalem
333 1886 393 1949 sub
409 1885 599 1950 Domitiano
616 1885 741 1950 Romae
756 1890 924 1951 versatum
948 1904 1019 1951 esse
1042 1886 1174 1966 probari
1190 1882 1378 1968 affirmat³).

118 2000 236 2065 Audio.
283 2002 445 2066 Attamen
469 2000 755 2082 FriedlaenderuS,
796 2000 848 2064 cui
864 1998 1126 2083 Synnerbergius
1150 1999 1247 2081 plane
1270 2019 1380 2067 assen-

119 2109 245 2198 titur⁴l,
271 2117 444 2197 septimum
467 2114 636 2180 Martialis
658 2116 776 2181 librum
800 2133 884 2180 anuo
903 2120 942 2180 93
961 2116 1116 2196 scriptum
1137 2134 1209 2182 esse
1233 2116 1329 2182 docet
1340 2113 1379 2200 ⁵).

117 2230 341 2297 Domitianum
365 2249 442 2298 vero
467 2251 496 2297 a.
520 2230 550 2296 d.
575 2231 666 2298 XIV
690 2230 769 2296 Kal.
787 2231 860 2298 Oet.
879 2237 919 2296 96
944 2249 1019 2297 ann.
1044 2230 1185 2297 occisum
1209 2252 1281 2299 esse
1305 2251 1380 2300 con·

115 2345 231 2430 stam).
279 2347 374 2414 Nihil
406 2348 510 2431 igitur
541 2347 696 2430 impedit,
731 2349 899 2429 quominus
932 2348 1063 2414 exilium
1086 2349 1263 2415 iuvenalis
1291 2349 1380 2416 intra

114 2481 217 2528 annos
246 2470 286 2528 93
321 2471 355 2528 et
388 2469 428 2529 96
461 2483 628 2544 ponamus,
674 2464 906 2530 Dubitaliones
937 2483 1015 2530 vero
1043 2463 1277 2547 Synnerbergii
1288 2458 1313 2546 ⁷)
1346 2473 1380 2531 et

113 2578 260 2677 Strackii
273 2576 308 2661 ⁸),
333 2586 400 2645 tam
416 2579 522 2646 levem
538 2598 684 2662 poenam,
709 2599 805 2661 quam
818 2580 992 2647 ‹Iuvenalis
1009 2580 1202 2647 sustinuisse
1216 2581 1380 2662 putandus

114 2701 174 2776 est,
199 2715 220 2759 a
243 2693 426 2761 Domitiani
448 2696 590 2762 moribus
613 2697 684 2778 ipso
708 2695 766 2762 illo
790 2703 936 2777 tempore
960 2696 1002 2762 ad
1025 2715 1182 2762 summam
1205 2697 1379 2764 saevitiam

113 2811 266 2890 propensi
282 2811 467 2893 abhorrere,
492 2811 613 2878 nullius
629 2812 699 2877 fere
715 2812 870 2877 momenti
886 2829 958 2876 esse
974 2828 1037 2875 non
1055 2810 1205 2891 estquod
1221 2831 1377 2878 moneam.

113 2924 200 2990 Nam
224 2927 398 2992 Juvenalis
429 2946 493 2992 non
529 2927 611 2993 adeo
642 2926 845 3008 periculosus
868 2927 1057 2992 Domitiano
1083 2926 1293 2994 adversarius
1316 2928 1380 2994 fuit

114 3047 151 3106 ut
171 3043 339 3108 Arulenus
369 3044 525 3108 Rusticus
553 3044 606 3110 vel
635 3043 823 3108 Herennius
852 3042 988 3109 Senecio
1016 3061 1076 3108 nec
1106 3043 1276 3123 quicquam
1307 3044 1376 3109 tale

116 3157 286 3239 commisit,
312 3177 369 3223 cm·
385 3166 499 3240 morte,
525 3159 699 3241 „brevibus
715 3156 839 3241 Gyaris
859 3157 914 3224 vel
938 3155 1089 3224 carcere‘·'
1103 3155 1127 3240 ⁹)
1152 3157 1268 3242 dignus
1284 3159 1380 3226 habe-

113 3278 211 3339 retnr.
254 3275 328 3341 Nec
343 3276 670 3356 praetermittendum
691 3280 751 3358 est,
775 3275 983 3359 iuvenalem,
1008 3282 1045 3341 ut
1060 3275 1125 3341 iam
1141 3295 1240 3358 supra
1255 3274 1378 3341 monui-

222 3478 230 3508 ¹
272 3478 420 3549 Hermann,
438 3479 479 3531 De
498 3484 546 3531 set.
565 3483 630 3548 sept.
650 3483 731 3548 temp.
749 3495 775 3547 p.
798 3478 837 3531 14.
856 3507 891 3518 -
908 3477 1088 3548 Synnerberg,
1106 3495 1132 3547 p.
1152 3478 1193 3530 75.

220 3568 230 3599 ²
270 3568 363 3637 Epigr.
383 3568 417 3620 24
436 3575 462 3619 et
480 3567 522 3620 91.

269 3656 310 3709 De
328 3657 501 3726 temporibus,
519 3674 545 3726 p.
564 3657 606 3708 85.

270 3746 337 3799 Ibid.

219 3654 229 3688 ³

218 3744 229 3776 4

222 3835 232 3869 5

219 3924 229 3956 ⁶
271 3925 343 3976 Suet.
362 3925 440 3976 Dom.
460 3941 481 3976 c.
500 3924 543 3975 17.
563 3955 594 3964 -
615 3925 712 3994 Imhnl',
731 3924 749 3975 l.
768 3924 786 3975 l.
805 3942 831 3994 p.
852 3925 912 3976 124.

270 4015 329 4066 Leo.
349 4014 421 4065 laud.

270 4103 311 4154 De
329 4103 421 4172 exilio,
440 4119 465 4171 p.
485 4103 526 4154 22.

219 4190 243 4258 ⁹)
272 4192 324 4243 Sat.
343 4192 364 4261 I,
384 4192 425 4242 73.
446 4222 480 4229 -
499 4190 610 4260 Gyaros,
629 4192 720 4244 insula
738 4193 820 4243 meris
839 4192 933 4260 Aegei,
952 4207 1008 4242 une
1026 4206 1041 4242 e
1059 4189 1227 4260 Cycladibus,
1245 4193 1377 4261 graviori·

113 4280 162 4333 bue
181 4281 314 4332 destinate
331 4281 422 4332 exiliis
446 4284 531 4347 (nuno
548 4281 655 4347 Joure).
691 4281 752 4333 Vid.
771 4283 866 4349 Lewis,
892 4279 1033 4332 luvenalis
1051 4281 1149 4332 satirae
1167 4280 1235 4332 with
1253 4296 1270 4332 e
1287 4279 1378 4332 liberal

113 4369 221 4439 englieh
242 4385 321 4438 prese
344 4370 504 4422 translation
528 4370 581 4421 and
600 4375 689 4440 notes,
716 4370 841 4439 London,
869 4369 947 4439 1873,
974 4386 1000 4438 p.
1019 4369 1070 4421 237
1091 4373 1116 4420 et
1134 4384 1225 4421 meum
1244 4384 1378 4422 commen·

112 4459 214 4510 terium
233 4458 267 4510 ad
284 4458 346 4510 Juv.
366 4461 440 4510 satir.
458 4461 577 4528 primam
595 4460 704 4529 (iliypu.
723 4459 793 4511 Mun.
812 4456 880 4528 Hap.
900 4457 951 4529 Hp.
970 4458 1040 4510 1875
1058 4458 1091 4511 N.
1110 4458 1140 4525 ³)
1158 4475 1184 4527 p.
1203 4458 1245 4510 27.

231 3481 243 3544 )

234 3571 243 3626 l

229 3660 242 3722 )

230 3749 242 3812 )

232 3839 245 3901 )
273 3835 313 3887 De
332 3835 498 3904 temporibus
516 3834 610 3887 libror.
629 3835 770 3904 Martialis,
788 3852 814 3904 p.
833 3835 876 3887 10.

230 3928 243 3990 )

230 4017 242 4079 )

229 4106 242 4168 )

219 4013 228 4044 7

218 4101 229 4135 8
